2946 4700
1055 1248 2007 1346 Praefatio.

627 1679 1091 1746 Vocabulorum
1135 1679 1524 1746 Graecorum
1586 1680 1652 1745 in
1703 1679 1986 1762 linguam
2041 1679 2343 1745 Latinam
2398 1684 2608 1764 trans-

454 1797 733 1864 latorum
797 1799 1082 1865 collectio
1137 1817 1282 1863 cum
1341 1799 1469 1864 iam
1532 1799 1644 1863 diu
1706 1798 2210 1879 desideraretur,
2278 1797 2609 1865 Saalfeldii

455 1918 754 1983 “Index
798 1918 1276 1984 Graecorum
1321 1918 1879 1983 vocabulorum
1940 1919 2016 1983 in
2060 1919 2411 2001 linguam
2455 1919 2607 1982 La-

457 2036 705 2103 tinam
750 2039 1324 2104 translatorum
1369 2039 2030 2118 quaestiunculis
2074 2037 2412 2103 auctus”
2459 2038 2607 2120 (Be-

460 2155 570 2219 rol.
619 2158 801 2223 1874.
825 2131 935 2240 8.)
998 2178 1198 2240 nuper
1242 2159 1304 2222 in
1350 2158 1554 2223 lucem
1600 2158 1867 2239 prodiit,
1926 2158 2077 2223 huic
2122 2159 2214 2224 rei
2259 2164 2335 2223 ut
2377 2158 2606 2224 subve-

455 2275 621 2341 niret
664 2278 1038 2365 destinatus.
1127 2262 1253 2345 Sed
1298 2278 1568 2343 multum
1630 2278 1841 2359 abest,
1906 2284 1981 2343 ut
2037 2279 2294 2344 litterae
2336 2278 2608 2344 Latinae

454 2416 751 2479 magnum
798 2419 872 2464 ex
920 2418 992 2464 eo
1036 2398 1313 2464 fructum
1359 2399 1660 2480 ceperint.
1763 2398 1956 2465 Saalf.
2002 2399 2168 2464 enim
2214 2417 2356 2464 cum
2400 2400 2466 2464 in
2508 2400 2605 2464 in-

455 2515 593 2581 dice
637 2516 1021 2584 conficiendo
1067 2519 1134 2583 id
1177 2519 1450 2583 maxime
1495 2523 1815 2599 spectasse
1860 2519 2187 2600 videatur,
2244 2524 2317 2583 ut
2359 2538 2433 2583 ex
2478 2517 2604 2582 col-

454 2634 720 2704 lectione
765 2638 979 2704 oblata
1021 2638 1214 2721 legeS,
1259 2658 1423 2720 quae
1465 2639 1531 2704 in
1564 2638 1827 2703 Graecis
1859 2637 2183 2703 vocabulis
2225 2637 2605 2719 recipiendis

453 2741 625 2837 apud
666 2758 980 2824 Romanos
1023 2759 1371 2840 valuerint,
1416 2758 1553 2823 erui
1598 2762 1887 2840 possent,
1934 2777 2066 2822 rem
2110 2757 2204 2822 ita
2248 2755 2603 2835 instituere,

454 2879 527 2939 ut
570 2876 874 2943 historiae
919 2878 1173 2960 linguae
1221 2878 1491 2943 Latinae
1534 2878 1786 2942 omnino
1832 2876 2211 2956 consuleret,
2262 2875 2451 2957 plane
2494 2894 2604 2941 ne-

452 2995 668 3078 glexit.
756 2998 1050 3079 Arripuit
1093 2988 1257 3063 enim
1303 2996 1611 3063 vocabula
1654 3003 1728 3061 ut
1771 2997 1901 3061 fors
1944 2995 2220 3077 ferebat,
2264 3001 2404 3061 tum
2450 2996 2604 3062 scri-

394 3143 401 3150 ·
452 3119 698 3195 ptorem
746 3117 855 3197 qui
898 3118 1141 3199 primus
1185 3135 1337 3183 voce
1381 3116 1719 3199 peregrina
1762 3134 1915 3181 usus
1961 3122 2059 3181 est
2103 3117 2397 3197 afferens,
2463 3121 2603 3182 tum

453 3235 825 3317 scriptorem
883 3238 993 3319 qui
1047 3256 1187 3302 eam
1242 3237 1566 3319 adhibuit,
1633 3242 1974 3319 postquam
2019 3239 2146 3303 iam
2193 3238 2305 3302 diu
2347 3237 2413 3302 in
2458 3255 2603 3302 con-

451 3356 851 3422 suetudinem
895 3358 1242 3424 Romanam
1300 3357 1479 3423 abiit.
1584 3358 1797 3424 Rebus
1854 3376 2005 3423 vero
2061 3358 2156 3422 ita
2219 3358 2604 3440 comparatis

451 3473 611 3539 illud
674 3495 921 3559 quoque
981 3478 1265 3544 evenisse
1286 3529 1302 3559 ,
1368 3484 1441 3543 ut
1506 3496 1721 3543 omnes
1782 3478 1952 3544 locos
2011 3477 2267 3543 minime
2329 3477 2600 3556 afferret,

450 3591 843 3677 quamquam
879 3597 946 3661 in
990 3596 1107 3662 tali
1151 3598 1402 3679 incepto
1446 3615 1549 3663 res
1593 3597 1736 3678 ipsa
1778 3601 2141 3663 accuratam
2179 3597 2602 3661 enumeratio-

451 3733 595 3780 nem
647 3714 941 3799 flagitare
986 3717 1271 3797 videtur,
1332 3716 1521 3783 facile
1579 3722 1866 3799 apparet.
1971 3716 2323 3781 Pessimum
2383 3721 2599 3780 autem

450 3839 551 3899 est
602 3855 747 3901 eum
817 3837 989 3902 nulla
1031 3835 1165 3921 fere
1220 3838 1287 3903 in
1346 3856 1413 3903 re
1471 3837 1596 3902 sibi
1652 3836 2031 3902 constitisse.
2131 3834 2377 3900 Partim
2433 3835 2601 3901 enim

449 3972 636 4020 voces
679 3974 715 4020 e
750 3937 1422 4039 nominibus'propriis
1467 3956 1696 4021 ductas
1732 3954 1958 4020 attulit
1989 3955 2170 4020 velut
2213 3954 2601 4037 atticisso,

449 4075 900 4158 graecisso,
966 4076 1374 4157 sicelisso,
1437 4074 1675 4157 partim
1722 4073 1934 4140 omisit
1982 4075 2159 4140 velut
2202 4074 2599 4155 bacchari,
