2946 4700
1514 277 1596 341 66

542 654 651 729 De
703 651 1119 730 tralatorum
1173 653 1244 728 in
1301 654 1834 731 consuetudIne
1886 654 2385 731 Romanorum
2440 679 2578 731 usu

1107 774 1555 874 quaestionis
1610 773 2000 873 specimen.

645 943 742 1001 Ex
778 941 980 1001 multis
1033 942 1510 1020 quaestionibus,
1572 962 1723 1022 quae
1769 945 1844 1002 ad
1886 942 2195 1002 historiam
2242 942 2481 1019 linguae
2522 945 2626 1004 La-

478 1046 642 1106 tinae
698 1045 1110 1125 illustrandam
1169 1064 1246 1103 ex
1296 1045 1528 1105 tralatis
1585 1064 1764 1122 supra
1815 1045 2077 1104 collectis
2131 1047 2424 1122 petendae
2476 1052 2625 1120 sunt,

477 1148 813 1227 quibusque
874 1151 1141 1224 tempore
1204 1150 1339 1207 dato
1401 1147 1675 1206 omnibus
1735 1148 2016 1224 deinceps
2072 1166 2338 1224 operam‘
2368 1149 2506 1206 dare
2563 1150 2625 1206 in

476 1250 670 1310 animo
707 1253 814 1322 est,
858 1269 1037 1309 unam
1073 1269 1338 1329 eamque,
1385 1254 1672 1329 quantum
1707 1242 1846 1322 scio,
1891 1251 2082 1308 adhuc
2119 1251 2382 1308 nondum
2415 1253 2625 1308 tracta·

474 1356 595 1411 tam
642 1371 802 1411 nunc
847 1353 1064 1411 addere
1112 1352 1334 1428 placet„
1395 1353 1481 1412 ita
1526 1356 1723 1412 tamen
1775 1356 1843 1411 ut
1877 1371 1971 1410 res
2011 1352 2209 1428 potius
2250 1353 2627 1411 adumbretur

477 1474 652 1533 quam
684 1454 1044 1531 perficiatur.
1132 1454 1404 1514 Pertinet
1450 1458 1646 1514 autem
1682 1454 1948 1534 quaestio
1982 1475 2051 1514 ea
2086 1456 2159 1514 ad
2191 1475 2364 1513 usum
2392 1456 2629 1514 tralato-

473 1576 603 1615 rum
639 1556 705 1617 in
737 1556 1163 1617 consuetudine
1198 1558 1617 1630 Romanorum,
1666 1549 1977 1636 quatenus*
2001 1578 2076 1617 ex
2111 1557 2464 1637 quibusdam
2497 1557 2628 1618 lite-

472 1678 669 1718 rarum
706 1658 1139 1732 monumentis,
1200 1677 1350 1738 quae
1400 1659 1545 1719 satis
1582 1659 1818 1737 integra
1865 1664 2099 1720 servata
2143 1664 2307 1733 sunt,
2368 1660 2625 1737 perspici

473 1781 646 1838 posse
710 1760 860 1819 mihi
913 1760 1172 1822 videtur.
1276 1762 1651 1838 Segreganda
1711 1767 1908 1822 autem
1970 1782 2097 1822 esse
2153 1763 2220 1821 in
2281 1763 2626 1841 quaestione

473 1863 764 1923 eiusmodi
813 1882 882 1922 ea
931 1863 1171 1936 tralata,
1214 1845 1451 1943 quibus
1503 1863 1695 1924 cuivis
1742 1863 1972 1923 homini
2015 1850 2283 1922 Romano
2340 1863 2495 1922 sicut
2537 1885 2629 1924 res

469 1967 702 2049 ferebat
758 1965 849 2024 uti
898 1985 1139 2024 necesse
1192 1965 1334 2038 fuit,
1398 1968 1470 2025 ab
1525 1965 1679 2040 illis,
1740 1965 1955 2045 quibus
2004 1969 2106 2024 aut
2157 1984 2331 2025 voces
2382 1965 2627 2023 Latinae

473 2067 650 2144 plane
686 2069 1051 2144 respondent
1096 2072 1199 2128 aut
1240 2089 1391 2148 quae
1426 2069 1660 2129 Latinis
1708 2069 1907 2148 aliquo
1944 2047 2117 2127 modo
2154 2060 2629 2143 reddipossunt,

469 2169 647 2230 facile
681 2175 944 2248 apparet.
1033 2172 1213 2245 Nam,
1258 2176 1326 2232 ut
1359 2174 1633 2250 exempla
1671 2174 1958 2252 quaedam
1992 2172 2250 2243 afferam,
2297 2169 2632 2258 significare

475 2272 580 2352 qui
607 2274 805 2334 voluit
839 2294 965 2334 rem
998 2295 1158 2347 eam,
1205 2295 1323 2355 qua
1368 2296 1552 2337 naves
1588 2276 1653 2334 in
1698 2278 1875 2352 portu
1913 2273 2044 2332 sisti
2083 2293 2150 2332 ac
2186 2271 2381 2331 teneri
2409 2272 2631 2343 solent,

473 2381 577 2436 aut
618 2379 848 2438 vestem
898 2378 1026 2437 sive
1074 2378 1328 2437 colorem
1375 2400 1409 2436 a
1456 2377 1857 2436 Phoenicibus
1908 2374 2391 2451 provenientem,
2439 2374 2631 2432 facere

476 2499 595 2539 non
636 2479 835 2556 potuit
880 2479 1027 2558 quin
1072 2477 1426 2539 ‘anchoram’
1461 2482 1565 2539 aut
1599 2476 1957 2555 ‘purpuram'
1994 2477 2340 2553 usurparet3
2385 2476 2633 2535 stultum

477 2602 688 2643 verum
738 2581 1039 2641 hominem
1085 2586 1186 2641 aut
1236 2587 1391 2641 artes
1441 2582 1673 2642 dolosas
1721 2585 1789 2641 ut
1842 2580 2204 2657 significaret
2252 2576 2516 2639 ‘morum'
2575 2579 2636 2637 et

480 2684 935 2762 ‘sucophantias'
989 2684 1054 2744 in
1103 2705 1274 2744 suum
1322 2705 1494 2743 usum
1549 2688 1617 2744 ut
1664 2687 2039 2744 converteret
2097 2682 2340 2740 minime
2398 2686 2636 2741 coactus

479 2791 633 2861 erat,
695 2807 829 2847 cum
869 2787 1118 2848 Latinae
1172 2808 1406 2867 quoque
1452 2807 1630 2849 voces
1677 2791 1911 2863 praesto
1958 2788 2170 2845 essent.
2262 2784 2635 2844 Tralatorum

477 2894 676 2951 autem
721 2889 900 2949 huius
937 2890 1172 2966 generis
1223 2910 1373 2970 quae
1423 2890 1607 2951 fuerit
1641 2890 1908 2950 condicio
1955 2890 2021 2949 in
2058 2886 2485 2949 consuetudine
2528 2906 2640 2962 po-

479 2992 609 3069 puli
646 2992 903 3051 Romani
958 2996 1126 3052 sexto
1172 2993 1403 3052 saeculo
1451 2992 1649 3067 urbis,
1708 2992 1925 3052 fabulis
1965 2990 2263 3052 Plautinis
2314 2995 2375 3050 et
2412 2990 2639 3048 Teren·
2707 3006 2715 3015 ’

478 3093 660 3155 tianis
692 3094 1063 3172 aliquantum
1095 3094 1350 3154 indicari
1395 3095 1546 3154 mihi
1580 3096 1835 3156 videtur.
1923 3095 2074 3153 Nam
2112 3094 2164 3153 si
2198 3093 2642 3153 consideramus

480 3196 696 3276 quibus
732 3196 1000 3273 personis
1031 3198 1245 3256 tralata
1274 3196 1340 3256 in
1377 3196 1502 3256 illis
1534 3197 1753 3256 fabulis
1798 3196 2175 3269 tribuuntur,
2236 3199 2424 3255 certas
2462 3213 2641 3272 quas-

481 3300 615 3359 dam
643 3299 806 3375 leges
836 3298 1036 3359 valere
1066 3299 1370 3372 videmus,
1417 3320 1563 3378 quas
1594 3318 1765 3358 nemo
1802 3298 1906 3377 qui
1942 3300 2016 3357 de
2050 3298 2291 3371 ingenio
2323 3300 2637 3372 poetarum

482 3402 687 3481 quales
740 3401 986 3461 Plautus
1047 3404 1108 3460 et
1163 3400 1479 3460 Terentius
1540 3399 1767 3459 fuerint
1795 3399 1850 3477 1)
1912 3398 2293 3475 cogitaverit,
2355 3395 2642 3455 fortuitas

479 3506 883 3565 tantummodo
937 3522 1062 3563 esse
1113 3502 1288 3563 facile
1339 3503 1513 3563 dicet.
1602 3501 1754 3561 Vide
1805 3504 2001 3562 autem
2036 3520 2266 3561 mecum
2314 3519 2409 3559 res
2452 3497 2642 3557 huius

481 3607 659 3669 modi.

621 3794 674 3855 1)
710 3792 838 3841 Sane
875 3793 1071 3853 quidem
1105 3792 1322 3852 fabulas,
1378 3795 1553 3851 quales
1588 3808 1619 3840 a.
1652 3805 1803 3840 manu
1836 3792 2055 3852 ipsorum
2089 3767 2346 3852 poetarum
2381 3791 2644 3851 profectae

482 3884 624 3938 sunt,
678 3892 777 3926 non
813 3880 1076 3939 habemuS,
1130 3893 1288 3938 neque
1325 3879 1527 3927 dubium
1563 3884 1638 3927 est
1672 3880 1792 3938 quin
1827 3880 1879 3925 in
1916 3878 2257 3926 distributione
2308 3890 2646 3938 personarum

482 3968 536 4011 ut
568 3965 620 4010 in
656 3965 766 4012 aliis
799 3966 947 4015 rebus
980 3966 1104 4013 vitia
1138 3967 1408 4027 traxerint,
1463 3965 1594 4026 quod
1642 3965 1841 4024 quidem
1876 3965 2071 4025 saepius
2110 3964 2330 4012 codicum
2364 3962 2413 4008 in
2451 3961 2546 4007 hac
2585 3974 2646 4006 re

482 4048 769 4095 diversitate
802 4052 922 4099 satis
954 4051 1214 4099 indicatur.
1297 4049 1502 4099 Minime
1538 4055 1700 4099 autem
1736 4066 1816 4099 res
1850 4055 1952 4098 tam
1987 4051 2117 4097 male
2154 4065 2205 4097 se
2241 4048 2403 4105 habet,
2440 4051 2495 4093 ut
2530 4050 2649 4092 tota

483 4132 705 4192 quaestio
741 4147 849 4181 eam
883 4136 945 4183 ob
982 4150 1180 4184 causam
1213 4137 1469 4185 claudicet.
