2946 4700
1427 306 1511 373 26

396 455 555 528 bulo,
601 455 964 533 Antiphane,
1011 458 1295 533 Alexide;
1341 455 1782 537 ’βατάνιον
1820 485 1897 526 ex
1931 465 2299 544 Hipparcho.
2389 471 2549 534 Quo·

395 577 526 617 rum
562 578 694 617 cum
727 559 1127 638 antiquissimi
1159 561 1552 638 Epicharmus
1593 569 1656 626 et
1685 567 1958 644 Sophron
2003 568 2070 628 in
2103 569 2308 630 Sicilia
2353 571 2547 634 insula

394 680 530 720 suas
564 661 894 723 comoedias
925 662 1279 738 scriberent,
1342 666 1555 745 quidni
1587 667 1832 730 Latinas
1870 690 2046 731 voces
2090 673 2438 748 praesertim
2481 676 2546 735 in

392 765 569 823 rebus
617 783 693 822 ex
731 784 842 824 usu
870 765 1033 825 vitae
1065 767 1366 828 Romanae
1398 768 1633 846 petitis,
1678 773 1755 831 ad
1791 793 1937 852 quas
1974 774 2391 850 significandas
2426 777 2545 836 for-

391 869 547 925 tasse
579 884 655 924 ne
678 865 900 927 Graeca
934 867 1175 946 quidem
1201 870 1441 931 nomina
1465 872 1780 946 habebant,
1811 874 2267 951 usurpaverint?
2314 876 2540 941 Quidni

393 968 739 1045 scriptores,
785 969 890 1049 qui
935 974 1072 1047 post
1104 991 1204 1032 eos
1238 972 1602 1048 floruerunt,
1648 995 1823 1036 voces
1856 976 1976 1036 iam
2007 976 2263 1040 Graecae
2304 979 2541 1057 linguae

391 1070 662 1148 proprias
707 1071 1034 1135 habuerint.
1056 1076 1236 1154 atque
1268 1074 1447 1135 etiam
1483 1075 1856 1138 deminutiva
1887 1098 1962 1138 ex
2006 1078 2083 1138 iis
2116 1081 2543 1144 formaverint?

393 1173 651 1248 Cogitari
698 1173 876 1234 etiam
916 1179 1115 1252 potest
1157 1167 1575 1254 ‘p'atinam’,
1619 1184 1680 1241 et
1721 1199 1847 1240 rem
1886 1185 1947 1241 et
1984 1200 2226 1256 nomen,
2272 1184 2543 1263 quamvis

390 1276 554 1351 origo
589 1276 904 1354 peregrina
949 1282 1130 1353 esset,
1175 1283 1300 1341 tota
1331 1280 1577 1341 Graecia
1607 1282 1767 1358 apud
1798 1283 2084 1360 populum
2129 1305 2364 1366 quoque
2407 1307 2541 1346 sen-

390 1378 501 1441 sim
554 1378 904 1439 innotuisse.
1007 1382 1225 1442 Contra
1275 1402 1418 1443 vero
1473 1382 1623 1461 ipsis
1675 1383 1797 1442 illis
1850 1386 2172 1447 comoediis
2222 1387 2287 1446 in
2332 1388 2538 1449 Sicilia

391 1481 742 1559 conscriptis
794 1481 1083 1543 Graecum
1137 1483 1377 1564 quidem
1431 1477 1784 1562 ‘waroivn'
1834 1486 1897 1546 in
1948 1486 2214 1563 linguam
2263 1490 2536 1551 Latinam

389 1584 562 1645 facile
614 1584 841 1644 traduci
901 1585 1114 1661 potuit.
1198 1585 1530 1647 'Saalfeldio
1581 1586 1809 1648 scilicet
1868 1589 2265 1653 ‘manifestum
2313 1597 2404 1655 est
2464 1613 2540 1652 ex

391 1686 610 1746 Graeco
644 1686 781 1746 duci
824 1686 1143 1763 patinam':
1190 1687 1467 1768 equidem
1500 1687 1567 1748 in
1600 1691 1776 1750 rebus
1810 1689 2059 1752 incertis
2092 1712 2211 1754 non
2248 1699 2369 1755 tam
2413 1715 2540 1755 cre-

390 1789 594 1850 dulum
637 1807 731 1849 me
773 1792 1045 1866 praebeo.

559 1873 749 1952 Tertii
795 1891 1052 1973 denique
1096 1892 1331 1970 generis
1376 1897 1545 1954 sunt:
1623 1956 1626 1957 γ

478 2082 771 2163 fenestra,
814 2083 1057 2158 pituita,
1109 2101 1279 2154 aura,
1327 2101 1641 2161 supparus,
1690 2083 1929 2155 modius,
1980 2087 2188 2156 muria,
2240 2086 2426 2144 taeda.

387 2202 497 2260 Ex·
528 2201 623 2279 his
660 2201 820 2262 Ourt.
852 2201 982 2261 Ber.
1015 2202 1070 2262 d.
1105 2201 1272 2262 Vers.
1323 2204 1590 2263 deutsch.
1621 2202 1777 2268 Phil.
1824 2203 2043 2279 Hmbg.
2088 2208 2247 2263 1855
2294 2208 2351 2265 ‘f
2361 2226 2449 2266 en
2469 2226 2540 2266 e-

389 2303 648 2365 stram'
691 2304 836 2366 satis
880 2307 1040 2367 certe
1078 2305 1349 2368 tralatam
1387 2304 1722 2378 existimat,
1768 2304 2189 2382 ‘pituitam'
2233 2308 2404 2367 modo
2441 2328 2538 2368 su-

387 2408 665 2485 spicatur.
752 2408 1079 2487 Utramque
1104 2411 1252 2469 'vero
1303 2425 1511 2466 vocem
1530 2452 1544 2479 ,
1606 2426 1961 2485 quamquam
2009 2408 2083 2467 de
2134 2408 2191 2467 ‘f
2200 2414 2460 2471 enestr
2477 2409 2539 2470 a'

389 2511 579 2572 Curtii
610 2510 908 2572 sententia
939 2510 1113 2571 valde
1149 2528 1243 2569 me
1278 2507 1527 2583 arridet,
1572 2527 1702 2569 eam
1736 2510 1810 2568 ob
1845 2527 2079 2568 causam
2120 2508 2186 2569 in
2218 2510 2414 2571 medio
2445 2531 2537 2572 re-

386 2613 771 2694 linquendam
813 2615 995 2684 duco,
1041 2613 1199 2692 quod
1237 2610 1495 2670 Graecae
1542 2630 1718 2671 voces
1765 2611 2229 2689 ‘macveovpoe'
2276 2601 2342 2674 et
2385 2620 2535 2674 ‘wt-

388 2716 626 2793 τυιτη’
680 2717 890 2776 extant
939 2708 1153 2775 nullae.
1243 2714 1584 2776 Ceterorum
1636 2714 2058 2774 vocabulorum
2102 2714 2370 2776 condicio
2414 2737 2533 2778 non

387 2819 583 2879 minus
637 2817 868 2878 lubrica
921 2821 1027 2878 est.
1129 2814 1379 2877 ‘Aura'
1438 2819 1637 2894 potest
1696 2816 1935 2896 quidem
1997 2835 2125 2876 esse
2184 2836 2262 2876 ex
2312 2818 2534 2879 Graeco

386 2923 656 3000 ἀυρα’,
699 2924 898 2998 potest
927 2920 1106 2981 etiam
1140 2939 1268 2981 esse
1301 2939 1377 2979 ex
1413 2918 1855 2980 Graecoitalicis
1890 2919 2285 2997 temporibus3
2332 2924 2535 2998 ‘sup-

386 3021 641 3102 parus'
680 3028 771 3085 est
806 3025 1055 3085 fortasse
1089 3044 1122 3083 a
1155 3023 1346 3088 ‘sub'
1395 3026 1457 3083 et
1493 3014 1824 3102 ·φᾶρος’,
1869 3024 2119 3083 fortasse
2149 3026 2347 3083 autem
2378 3044 2413 3083 a
2445 3044 2538 3084 ra-

387 3127 518 3188 dice
553 3127 756 3207 aliqua
788 3126 1031 3201 Latina,
1079 3145 1230 3205 quae
1265 3129 1518 3186 aetatem
1548 3144 1668 3184 non
1700 3125 1870 3197 tulit;
1914 3124 2260 3186 ‘modius'
2296 3130 2359 3186 et
2389 3123 2539 3204 ’μέ-

387 3228 422 3287 δ
438 3250 604 3305 ιμνο
622 3227 676 3299 ς’
725 3228 899 3290 facile
939 3232 1404 3305 componuntur,
1449 3227 1798 3303 praesertim
1834 3246 1967 3287 cum
2001 3227 2173 3304 plura
2214 3230 2392 3289 huius
2437 3249 2537 3305 ge-

386 3332 547 3392 neris
579 3352 656 3392 ex
689 3331 910 3392 Graeco
941 3330 1065 3390 sint
1105 3332 1206 3409 (cf.
1243 3331 1509 3390 Momms.
1542 3331 1709 3388 Rom.
1748 3329 1958 3388 Gesch.
1990 3330 2041 3402 I,
2083 3330 2262 3407 209),
2306 3333 2368 3389 at
2411 3350 2535 3389 non

389 3434 585 3495 minus
621 3432 975 3495 ‘modius'
1016 3437 1078 3494 et
1126 3430 1458 3493 ‘modus’.
1548 3431 1834 3491 Similiter
1878 3430 2173 3491 ‘muria'
2217 3433 2537 3509 provenire

386 3542 586 3616 potest
621 3558 698 3597 ex
735 3539 955 3598 Graeco
989 3527 1410 3616 ‘dluvplg’3
1456 3535 1559 3595 sed
1598 3533 1810 3613 quidni
1842 3552 1920 3593 ex
1954 3533 2150 3594 radice
2183 3534 2401 3595 Latina
2430 3555 2548 3594 no·

386 3641 479 3701 bis
505 3640 752 3718 ignota?
838 3636 1143 3699 ‘Taeda'
1193 3658 1270 3698 ex
1302 3636 1639 3698 accusativo
1672 3635 1894 3697 Graeco
1937 3633 2142 3695 ‘60:16
2162 3634 2227 3695 α’
2269 3637 2367 3715 (cf.
2400 3637 2537 3697 Jhb.

386 3745 426 3803 f.
462 3744 619 3804 Phil.
653 3750 765 3819 90,
808 3748 876 3803 11
934 3746 998 3803 et
1048 3747 1154 3815 93,
1196 3742 1295 3819 11)
1342 3740 1505 3800 nasci
1560 3739 1787 3817 potuit;
1850 3741 1955 3799 sed
2004 3758 2128 3799 non
2173 3738 2370 3798 minus
2407 3758 2539 3798 cum

388 3908 448 3963 δὲ
483 3908 534 3962 ἐν
569 3909 843 3975 Λεμνίαις,
898 3910 1128 3976 εἴρηκεν,
1179 3905 1466 3977 κακάβους·
1522 3906 1613 3960 καὶ
1645 3903 1845 3973 πατάνη
1880 3904 1940 3960 δὲ
1975 3906 2065 3959 καὶ
2100 3902 2337 3959 πατάνιὸν
2372 3922 2421 3957 τι
2455 3904 2535 3959 ἐκ·

387 3994 597 4048 πέταλον
634 3993 882 4049 λοπάδιον’
916 4003 1040 4058 cet.;
1074 3998 1276 4045 minime
1310 4010 1422 4044 cum
1458 4010 1534 4056 eo,
1572 3996 1656 4054 qui
1689 3997 1739 4042 in
1775 3995 1987 4045 editione
2019 3993 2272 4043 Lederlini
2295 3994 2534 4042 Amsteld.

389 4081 647 4130 MDCCVI
680 4084 962 4131 versionem
995 4084 1226 4130 Latinam
1262 4083 1379 4130 fecit
1426 4087 1476 4131 et
1511 4080 1661 4130 Saalf.
1699 4078 1806 4132 ‘ml
1838 4074 2054 4145 vtoero'tm’
2104 4085 2194 4132 cet·
2244 4094 2354 4128 cum
2402 4085 2538 4128 ante-

387 4166 674 4216 cedentibus
708 4169 972 4217 cohaerere
1006 4168 1128 4216 mihi
1160 4168 1371 4222 videtur.
1441 4169 1643 4217 Novum
1677 4168 1864 4228 aliquid
1898 4167 2158 4215 inducitur.
