2946 4700
1423 248 1511 315 22

392 423 534 464 vero
566 404 828 465 ‘socci'
862 403 1018 464 idem
1050 424 1234 481 genus
1264 404 1645 465 calceamenti
1676 396 2015 479 significent
2044 408 2225 485 atque
2248 407 2539 468 Graecum

392 503 812 586 ’συγχίδεςζ
853 508 1204 566 vocabulum
1239 527 1315 566 ex
1350 506 1573 566 Graeco
1605 510 1857 567 tractum
1885 510 1946 566 et
1981 526 2253 567 sermono
2288 510 2540 585 vulgari,

390 607 479 669 ita
522 612 590 668 ut
624 610 936 682 habemus,
983 629 1111 669 esse
1145 614 1436 670 mutatum
1469 608 1728 669 maxime
1760 608 1890 670 veri
1923 608 2118 669 simile
2165 616 2274 671 est.
2363 616 2541 690 Apud

393 711 569 771 Saalf.
616 731 737 772 non
780 713 1042 772 affertur.

1331 900 1602 976 elogium.

398 1020 616 1080 Contra
647 1020 933 1092 Momms„
979 1018 1082 1098 qui
1116 1019 1177 1079 C.
1211 1018 1250 1078 i.
1282 1019 1350 1079 L.
1384 1019 1434 1089 Ι,
1468 1020 1591 1079 277
1628 1018 1980 1079 vocabulum
2016 1020 2090 1079 ab
2125 1019 2260 1079 ‘eli
2272 1018 2538 1096 gendo'

398 1122 631 1182 derivat
677 1140 811 1181 cum
845 1122 1002 1182 Curt.
1038 1123 1170 1181 Ber.
1206 1124 1260 1181 d.
1308 1121 1428 1198 kgl.
1477 1122 1664 1181 sacha.
1696 1122 1832 1181 Ges.
1871 1123 1927 1180 d.
1961 1121 2317 1181 Wissensch.
2361 1128 2541 1195 1864,

408 1230 590 1304 lsqq.
633 1230 695 1307 et
727 1224 927 1284 Fleck.
966 1224 1103 1283 Jhb.
1139 1225 1180 1284 f.
1217 1222 1370 1283 Phil.
1418 1229 1596 1297 1866,
1643 1229 1722 1283 93
1770 1244 1827 1300 p.
1867 1230 1944 1282 29
1991 1246 2026 1284 a
2054 1224 2277 1283 Graeca
2311 1224 2537 1297 origine

399 1361 483 1371 -—
529 1329 601 1386 ab
650 1322 1036 1405 ‘sslsyelov’
1082 1359 1166 1370 -—-
1207 1326 1273 1386 id
1305 1327 1695 1404 repetendum
1726 1328 1897 1387 duco.
1984 1326 2182 1386 Novas
2219 1345 2366 1405 quas
2400 1326 2542 1385 affe-

399 1448 524 1488 ram
567 1428 826 1489 rationes
869 1449 990 1489 non
1031 1430 1239 1489 habeo.

1394 1635 1528 1675 cera
1536 1660 1550 1674 .

352 1782 359 1787 .
402 1737 562 1795 Curt.
598 1734 856 1797 Grundz.
890 1756 982 1796 no.
1019 1730 1167 1811 56¹’;
1212 1737 1363 1797 Fick
1396 1737 1650 1797 sztb.
1685 1737 1766 1809 ΙΙ,
1805 1742 1926 1796 440
1969 1738 2044 1795 ad
2077 1740 2370 1813 tempora,
2416 1736 2549 1817 qui-

401 1841 512 1899 bus
542 1837 751 1898 Graeci
781 1842 842 1899 et
868 1839 1123 1899 Romani
1151 1841 1415 1899 nondum
1446 1839 1668 1917 singuli
1697 1838 1903 1915 populi
1935 1838 2078 1897 facti
2111 1844 2296 1912 erant,
2341 1858 2549 1898 vocem

404 1944 627 2001 referre
673 1941 969 2002 videntur.
1057 1942 1174 2002 Sed
1219 1961 1387 2002 cerae
1436 1962 1608 2003 usum
1659 1946 1801 2002 tunc
1847 1941 1963 2000 iam
2011 1939 2195 2000 fuisse
2242 1941 2549 2017 probabile

402 2063 522 2104 non
561 2047 682 2103 est:
726 2043 1033 2105 translatio
1068 2043 1254 2121 igitur
1287 2046 1618 2105 statuenda.
1707 2044 1799 2104 De
1843 2064 1960 2123 qua
2006 2048 2249 2120 propter
2297 2041 2438 2102 ‘us'
2482 2042 2548 2102 in

403 2144 471 2205 ‘a'
507 2151 797 2206 mutatum
831 2146 955 2206 noli
989 2146 1292 2207 dubitare:
1354 2153 1443 2207 est
1494 2148 1652 2208 enim
1686 2146 1922 2222 generis
1961 2145 2241 2220 mutatio,
2288 2166 2437 2226 quae
2481 2145 2549 2205 in

405 2247 633 2310 tralatis
676 2249 912 2326 saepius
954 2250 1111 2312 facta
1154 2256 1260 2310 est.

1356 2438 1605 2496 hilarus·

406 2559 574 2621 Haec
605 2578 751 2630 vox,
799 2560 1086 2637 quantum
1115 2557 1265 2632 scio,
1324 2557 1390 2617 in
1423 2557 1655 2618 tralatis
1690 2557 1897 2618 haberi
1940 2577 2061 2618 non
2108 2558 2261 2617 solet
2291 2578 2485 2638 neque
2521 2580 2555 2618 a

404 2663 579 2724 Saalf.
632 2662 892 2721 affertur.
979 2660 1265 2720 Derivata
1305 2660 1519 2733 multa,
1582 2679 1732 2739 quae
1782 2663 2022 2732 extant,
2086 2657 2554 2733 ‘hilarulus’,

409 2761 846 2836 ‘hilariter',
901 2762 1271 2835 ‘hilaria',
1333 2760 1785 2835 ‘hilaritas’,
1839 2761 2349 2838 ‘hilaritudo',
2408 2763 2557 2821 ‘hi-

408 2865 705 2939 larare'‚
762 2862 1277 2924 ‘hilarissare'
1322 2864 1573 2939 originis
1604 2864 1855 2924 Latinae
1902 2868 2083 2925 testes
2123 2885 2266 2925 sane
2304 2885 2430 2925 esse
2464 2865 2555 2925 vi-

408 2973 641 3030 dentur.
728 2970 812 3027 At
856 2966 908 3027 si
938 2967 1405 3027 consideraveris
1450 2967 1708 3044 primum
1747 2972 1915 3027 sexto
1948 2968 2180 3028 saeculo
2227 2967 2392 3027 urbis
2428 2971 2558 3027 tan-

410 3079 536 3135 tum
595 3067 996 3141 ‘hilarum’,
1064 3068 1407 3144 ‘hilare',
1471 3066 2128 3130 ‘hilaritudinem'
2192 3070 2455 3130 inveniri
2481 3071 2557 3148 ι),

410 3175 528 3236 alia
559 3176 755 3233 autem
785 3171 1212 3249 posterioribus
1244 3175 1477 3233 demum
1517 3173 1881 3249 temporibus
1917 3173 2219 3246 extitisse3
2282 3177 2405 3233 tum
2439 3175 2556 3231 for-

409 3298 564 3338 mam
600 3279 661 3335 et
688 3274 812 3334 vim
841 3274 1062 3335 Graece
1097 3283 1158 3336 et
1186 3276 1400 3343 Latine
1435 3275 1675 3335 omnino
1708 3296 1835 3335 esse
1872 3277 2150 3350 eandcm;
2194 3274 2449 3354 denique
2486 3274 2551 3332 in

410 3378 624 3442 ceteris
654 3377 875 3454 linguis
911 3375 1417 3455 Indogermanicis
1451 3398 1628 3438 voces
1662 3379 1841 3439 huius
1873 3379 2092 3439 radicis
2123 3399 2243 3440 non
2277 3397 2434 3450 esse,
2478 3378 2552 3436 de

411 3482 724 3545 tralatione
759 3485 918 3542 certe
949 3501 1178 3542 mecum
1207 3482 1515 3559 cogitabis.
1603 3483 1685 3543 At
1716 3502 1914 3542 nonne
1946 3480 2371 3543 Graecoitalica
2405 3484 2555 3539 tem-

411 3607 557 3665 pora
599 3584 862 3645 restant?
948 3585 1133 3645 Sane:
1196 3587 1300 3645 sed
1344 3605 1421 3646 ne
1467 3586 1553 3646 ita
1594 3585 1861 3665 quidem,
1921 3605 2025 3646 cur
2065 3585 2229 3645 notio
2276 3603 2395 3644 non
2441 3583 2561 3643 iam

410 3696 580 3750 sexto
625 3687 855 3748 saeculo
886 3686 1051 3747 urbis
1086 3688 1315 3747 radices
1347 3688 1527 3748 latius
1576 3688 1795 3764 egisset
1831 3688 1896 3747 in
1945 3688 2150 3764 lingua
2179 3686 2425 3760 Latina,
2470 3686 2562 3746 in-

411 3791 794 3865 telligeretur.
883 3790 1188 3866 Optimum
1230 3790 1414 3866 igitur
1457 3792 1698 3851 videtur
1743 3788 2118 3850 tralationem
2163 3794 2440 3849 statuere.

520 3929 603 4002 '1)
639 3943 764 3989 Vide
812 3947 982 3990 contra
1029 3944 1181 3991 aliam
1224 3945 1429 4004 stirpem
1470 3942 1733 3991 verborum
1786 3939 2010 3990 eiusdem‘
2053 3942 2283 3989 notionis.
2376 3941 2563 3986 Extant

412 4031 512 4076 iam
561 4032 698 4073 sexto
749 4029 941 4074 saeculo
1003 4031 1105 4089 (ap.
1154 4030 1406 4089 Plautum)
1465 4030 1711 4086 laetus,
1780 4027 2076 4085 laetitia,
2135 4027 2561 4082 laetificare,

416 4117 683 4161 laetans.
