<?xml version="1.0" encoding="UTF-8"?>
<!DOCTYPE html PUBLIC "-//W3C//DTD XHTML 1.0 Transitional//EN"
    "http://www.w3.org/TR/xhtml1/DTD/xhtml1-transitional.dtd">
<html xmlns="http://www.w3.org/1999/xhtml" xml:lang="en" lang="en">
 <head>
  <title>
</title>
<meta http-equiv="Content-Type" content="text/html;charset=utf-8" />
  <meta name='ocr-system' content='tesseract 3.04.00' />
  <meta name='ocr-capabilities' content='ocr_page ocr_carea ocr_par ocr_line ocrx_word'/>
</head>
<body>
  <div class='ocr_page' id='page_1' title='image "./devocabulisgrae00tuchgoog_0028.png"; bbox 0 0 2946 4700; ppageno 0'>
   <div class='ocr_carea' id='block_1_1' title="bbox 1395 193 1475 260">
    <p class='ocr_par' dir='ltr' id='par_1_1' title="bbox 1395 193 1475 260">
     <span class='ocr_line' id='line_1_1' title="bbox 1395 193 1475 260; baseline 0 0"><span class='ocrx_word' id='word_1_1' title='bbox 1395 193 1475 260; x_wconf 88' lang='grc'><strong>18</strong></span> 
     </span>
    </p>
   </div>
   <div class='ocr_carea' id='block_1_2' title="bbox 308 349 2512 1451">
    <p class='ocr_par' dir='ltr' id='par_1_2' title="bbox 308 349 2512 1451">
     <span class='ocr_line' id='line_1_2' title="bbox 360 349 2512 428; baseline 0.003 -23"><span class='ocrx_word' id='word_1_2' title='bbox 360 349 606 424; x_wconf 87' lang='lat' dir='ltr'><strong>Ausspr.</strong></span> <span class='ocrx_word' id='word_1_3' title='bbox 645 349 694 420; x_wconf 87' lang='lat' dir='ltr'><strong>I,</strong></span> <span class='ocrx_word' id='word_1_4' title='bbox 740 353 861 407; x_wconf 83' lang='lat'><strong>453</strong></span> <span class='ocrx_word' id='word_1_5' title='bbox 910 360 1084 408; x_wconf 82' lang='lat' dir='ltr'><strong>causa</strong></span> <span class='ocrx_word' id='word_1_6' title='bbox 1123 368 1241 409; x_wconf 90' lang='lat' dir='ltr'><strong>non</strong></span> <span class='ocrx_word' id='word_1_7' title='bbox 1274 349 1455 409; x_wconf 88' lang='lat' dir='ltr'><strong>allata</strong></span> <span class='ocrx_word' id='word_1_8' title='bbox 1489 349 1646 409; x_wconf 87' lang='lat' dir='ltr'><strong>inter</strong></span> <span class='ocrx_word' id='word_1_9' title='bbox 1679 369 1883 423; x_wconf 82' lang='lat' dir='ltr'><strong>voees,</strong></span> <span class='ocrx_word' id='word_1_10' title='bbox 1929 369 2075 428; x_wconf 87' lang='lat' dir='ltr'><strong>quas</strong></span> <span class='ocrx_word' id='word_1_11' title='bbox 2106 350 2348 410; x_wconf 87' lang='lat' dir='ltr'><strong>Latinas</strong></span> <span class='ocrx_word' id='word_1_12' title='bbox 2384 351 2512 411; x_wconf 82' lang='lat' dir='ltr'><strong>exi-</strong></span> 
     </span>
     <span class='ocr_line' id='line_1_3' title="bbox 360 450 2507 528; baseline 0.002 -20"><span class='ocrx_word' id='word_1_13' title='bbox 360 450 588 523; x_wconf 86' lang='lat' dir='ltr'><strong>stimat,</strong></span> <span class='ocrx_word' id='word_1_14' title='bbox 631 469 759 508; x_wconf 88' lang='lat' dir='ltr'><strong>eam</strong></span> <span class='ocrx_word' id='word_1_15' title='bbox 796 453 1117 510; x_wconf 80' lang='lat' dir='ltr'><strong>enumerat.</strong></span> <span class='ocrx_word' id='word_1_16' title='bbox 1205 450 1360 509; x_wconf 88' lang='lat' dir='ltr'><strong>Mihi</strong></span> <span class='ocrx_word' id='word_1_17' title='bbox 1393 457 1455 510; x_wconf 86' lang='lat' dir='ltr'><strong>et</strong></span> <span class='ocrx_word' id='word_1_18' title='bbox 1490 453 1678 511; x_wconf 88' lang='lat' dir='ltr'><strong>forma</strong></span> <span class='ocrx_word' id='word_1_19' title='bbox 1709 453 1871 511; x_wconf 81' lang='lat' dir='ltr'><strong>vocis</strong></span> <span class='ocrx_word' id='word_1_20' title='bbox 1905 452 2195 528; x_wconf 81' lang='lat' dir='ltr'>originem</span> <span class='ocrx_word' id='word_1_21' title='bbox 2226 452 2507 513; x_wconf 81' lang='lat' dir='ltr'>Graecam</span> 
     </span>
     <span class='ocr_line' id='line_1_4' title="bbox 359 552 2505 630; baseline 0.003 -21"><span class='ocrx_word' id='word_1_22' title='bbox 359 556 563 629; x_wconf 87' lang='lat' dir='ltr'><strong>aperte</strong></span> <span class='ocrx_word' id='word_1_23' title='bbox 618 554 961 625; x_wconf 78' lang='lat' dir='ltr'><strong>ostendere,</strong></span> <span class='ocrx_word' id='word_1_24' title='bbox 1023 558 1084 613; x_wconf 88' lang='lat' dir='ltr'><strong>et</strong></span> <span class='ocrx_word' id='word_1_25' title='bbox 1125 552 1218 612; x_wconf 86' lang='lat' dir='ltr'><strong>vis</strong></span> <span class='ocrx_word' id='word_1_26' title='bbox 1255 553 1430 613; x_wconf 88' lang='lat' dir='ltr'><strong>facile</strong></span> <span class='ocrx_word' id='word_1_27' title='bbox 1480 573 1606 614; x_wconf 87' lang='lat' dir='ltr'><strong>eam</strong></span> <span class='ocrx_word' id='word_1_28' title='bbox 1655 554 1781 630; x_wconf 86' lang='lat' dir='ltr'><strong>pati</strong></span> <span class='ocrx_word' id='word_1_29' title='bbox 1831 554 2085 614; x_wconf 85' lang='lat' dir='ltr'><strong>videtur.</strong></span> <span class='ocrx_word' id='word_1_30' title='bbox 2174 556 2324 614; x_wconf 90' lang='lat' dir='ltr'><strong>Nam</strong></span> <span class='ocrx_word' id='word_1_31' title='bbox 2375 576 2505 615; x_wconf 91' lang='lat' dir='ltr'><strong>cum</strong></span> 
     </span>
     <span class='ocr_line' id='line_1_5' title="bbox 357 653 2507 734; baseline 0.002 -22"><span class='ocrx_word' id='word_1_32' title='bbox 357 653 476 713; x_wconf 91' lang='lat' dir='ltr'><strong>alia</strong></span> <span class='ocrx_word' id='word_1_33' title='bbox 506 672 772 734; x_wconf 91' lang='lat' dir='ltr'><strong>quoque,</strong></span> <span class='ocrx_word' id='word_1_34' title='bbox 818 673 969 734; x_wconf 88' lang='lat' dir='ltr'><strong>quae</strong></span> <span class='ocrx_word' id='word_1_35' title='bbox 1001 656 1075 713; x_wconf 87' lang='lat' dir='ltr'><strong>ad</strong></span> <span class='ocrx_word' id='word_1_36' title='bbox 1112 655 1526 731; x_wconf 79' lang='lat' dir='ltr'><strong>perfectiorem</strong></span> <span class='ocrx_word' id='word_1_37' title='bbox 1562 660 1780 716; x_wconf 81' lang='lat' dir='ltr'><strong>statum</strong></span> <span class='ocrx_word' id='word_1_38' title='bbox 1813 675 2007 714; x_wconf 90' lang='lat' dir='ltr'><strong>rerum</strong></span> <span class='ocrx_word' id='word_1_39' title='bbox 2041 657 2342 716; x_wconf 81' lang='lat' dir='ltr'><strong>navalium</strong></span> <span class='ocrx_word' id='word_1_40' title='bbox 2375 677 2507 733; x_wconf 86' lang='lat' dir='ltr'><strong>per-</strong></span> 
     </span>
     <span class='ocr_line' id='line_1_6' title="bbox 357 755 2507 837; baseline 0.001 -22"><span class='ocrx_word' id='word_1_41' title='bbox 357 755 582 830; x_wconf 83' lang='lat' dir='ltr'><strong>tinent,</strong></span> <span class='ocrx_word' id='word_1_42' title='bbox 634 775 710 816; x_wconf 85' lang='lat' dir='ltr'><strong>ex</strong></span> <span class='ocrx_word' id='word_1_43' title='bbox 755 756 1002 816; x_wconf 82' lang='lat' dir='ltr'><strong>Graecia</strong></span> <span class='ocrx_word' id='word_1_44' title='bbox 1053 757 1229 817; x_wconf 90' lang='lat' dir='ltr'><strong>simul</strong></span> <span class='ocrx_word' id='word_1_45' title='bbox 1278 778 1409 817; x_wconf 90' lang='lat' dir='ltr'><strong>cum</strong></span> <span class='ocrx_word' id='word_1_46' title='bbox 1461 757 1803 837; x_wconf 79' lang='lat' dir='ltr'><strong>nominibus</strong></span> <span class='ocrx_word' id='word_1_47' title='bbox 1850 778 1978 818; x_wconf 88' lang='lat' dir='ltr'><strong>esse</strong></span> <span class='ocrx_word' id='word_1_48' title='bbox 2031 759 2222 819; x_wconf 84' lang='lat' dir='ltr'><strong>accita</strong></span> <span class='ocrx_word' id='word_1_49' title='bbox 2260 761 2507 820; x_wconf 84' lang='lat' dir='ltr'><strong>vocibus</strong></span> 
     </span>
     <span class='ocr_line' id='line_1_7' title="bbox 358 857 2505 939; baseline 0 -20"><span class='ocrx_word' id='word_1_50' title='bbox 358 857 742 919; x_wconf 87' lang='lat' dir='ltr'><strong>‘anchora&#39;</strong></span> <span class='ocrx_word' id='word_1_51' title='bbox 784 859 1187 937; x_wconf 87' lang='lat' dir='ltr'><strong>‘aplustre&#39;</strong></span> <span class='ocrx_word' id='word_1_52' title='bbox 1223 861 1676 935; x_wconf 78' lang='lat' dir='ltr'><strong>demonstretur,</strong></span> <span class='ocrx_word' id='word_1_53' title='bbox 1720 867 1780 921; x_wconf 88' lang='lat' dir='ltr'><strong>et</strong></span> <span class='ocrx_word' id='word_1_54' title='bbox 1815 859 2163 939; x_wconf 88' lang='lat' dir='ltr'><strong>‘proram&#39;</strong></span> <span class='ocrx_word' id='word_1_55' title='bbox 2200 861 2341 920; x_wconf 88' lang='lat' dir='ltr'><strong>inde</strong></span> <span class='ocrx_word' id='word_1_56' title='bbox 2378 881 2505 921; x_wconf 87' lang='lat' dir='ltr'><strong>esse</strong></span> 
     </span>
     <span class='ocr_line' id='line_1_8' title="bbox 357 962 2507 1041; baseline 0.001 -19"><span class='ocrx_word' id='word_1_57' title='bbox 357 962 595 1022; x_wconf 88' lang='lat' dir='ltr'><strong>allatam</strong></span> <span class='ocrx_word' id='word_1_58' title='bbox 647 962 955 1038; x_wconf 83' lang='lat' dir='ltr'><strong>probabile</strong></span> <span class='ocrx_word' id='word_1_59' title='bbox 999 963 1255 1023; x_wconf 85' lang='lat' dir='ltr'><strong>videtur.</strong></span> <span class='ocrx_word' id='word_1_60' title='bbox 1341 963 1582 1023; x_wconf 84' lang='lat' dir='ltr'><strong>Etenim</strong></span> <span class='ocrx_word' id='word_1_61' title='bbox 1622 963 1796 1027; x_wconf 86' lang='lat' dir='ltr'><strong>facile</strong></span> <span class='ocrx_word' id='word_1_62' title='bbox 1833 964 1963 1022; x_wconf 87' lang='lat' dir='ltr'><strong>fieri</strong></span> <span class='ocrx_word' id='word_1_63' title='bbox 2003 963 2229 1041; x_wconf 88' lang='lat' dir='ltr'><strong>potuit,</strong></span> <span class='ocrx_word' id='word_1_64' title='bbox 2289 971 2357 1024; x_wconf 87' lang='lat' dir='ltr'><strong>ut</strong></span> <span class='ocrx_word' id='word_1_65' title='bbox 2387 965 2507 1025; x_wconf 90' lang='lat' dir='ltr'><strong>Ro·</strong></span> 
     </span>
     <span class='ocr_line' id='line_1_9' title="bbox 308 1063 2506 1144; baseline 0.001 -21"><span class='ocrx_word' id='word_1_66' title='bbox 308 1118 313 1123; x_wconf 85' lang='lat'><strong>.</strong></span> <span class='ocrx_word' id='word_1_67' title='bbox 357 1064 517 1125; x_wconf 87' lang='lat' dir='ltr'><strong>mani</strong></span> <span class='ocrx_word' id='word_1_68' title='bbox 561 1063 769 1142; x_wconf 84' lang='lat' dir='ltr'><strong>primis</strong></span> <span class='ocrx_word' id='word_1_69' title='bbox 809 1064 1172 1141; x_wconf 75' lang='lat' dir='ltr'><strong>temporibus</strong></span> <span class='ocrx_word' id='word_1_70' title='bbox 1202 1070 1323 1124; x_wconf 87' lang='lat' dir='ltr'><strong>tam</strong></span> <span class='ocrx_word' id='word_1_71' title='bbox 1360 1065 1463 1124; x_wconf 91' lang='lat' dir='ltr'><strong>diu</strong></span> <span class='ocrx_word' id='word_1_72' title='bbox 1514 1085 1688 1144; x_wconf 89' lang='lat' dir='ltr'><strong>quam</strong></span> <span class='ocrx_word' id='word_1_73' title='bbox 1724 1085 1910 1124; x_wconf 86' lang='lat' dir='ltr'><strong>naves</strong></span> <span class='ocrx_word' id='word_1_74' title='bbox 1956 1085 2175 1142; x_wconf 83' lang='lat' dir='ltr'><strong>parvae</strong></span> <span class='ocrx_word' id='word_1_75' title='bbox 2217 1072 2387 1126; x_wconf 87' lang='lat' dir='ltr'><strong>erant</strong></span> <span class='ocrx_word' id='word_1_76' title='bbox 2430 1086 2506 1125; x_wconf 90' lang='lat' dir='ltr'><strong>ne</strong></span> 
     </span>
     <span class='ocr_line' id='line_1_10' title="bbox 357 1166 2504 1247; baseline 0 -21"><span class='ocrx_word' id='word_1_77' title='bbox 357 1186 574 1228; x_wconf 89' lang='lat' dir='ltr'><strong>nomen</strong></span> <span class='ocrx_word' id='word_1_78' title='bbox 609 1167 849 1247; x_wconf 90' lang='lat' dir='ltr'><strong>quidem</strong></span> <span class='ocrx_word' id='word_1_79' title='bbox 880 1167 1056 1227; x_wconf 90' lang='lat' dir='ltr'><strong>huius</strong></span> <span class='ocrx_word' id='word_1_80' title='bbox 1085 1166 1173 1226; x_wconf 91' lang='lat' dir='ltr'><strong>rei</strong></span> <span class='ocrx_word' id='word_1_81' title='bbox 1208 1168 1516 1240; x_wconf 90' lang='lat' dir='ltr'><strong>haberent,</strong></span> <span class='ocrx_word' id='word_1_82' title='bbox 1563 1172 1767 1245; x_wconf 86' lang='lat' dir='ltr'><strong>postea</strong></span> <span class='ocrx_word' id='word_1_83' title='bbox 1800 1188 1940 1227; x_wconf 86' lang='lat' dir='ltr'><strong>vero</strong></span> <span class='ocrx_word' id='word_1_84' title='bbox 1972 1168 2226 1228; x_wconf 81' lang='lat' dir='ltr'><strong>navibus</strong></span> <span class='ocrx_word' id='word_1_85' title='bbox 2259 1167 2504 1245; x_wconf 89' lang='lat' dir='ltr'><strong>amplio-</strong></span> 
     </span>
     <span class='ocr_line' id='line_1_11' title="bbox 356 1270 2503 1348; baseline 0 -20"><span class='ocrx_word' id='word_1_86' title='bbox 356 1270 524 1329; x_wconf 91' lang='lat' dir='ltr'><strong>ribus</strong></span> <span class='ocrx_word' id='word_1_87' title='bbox 564 1270 919 1330; x_wconf 87' lang='lat' dir='ltr'><strong>Graecorum</strong></span> <span class='ocrx_word' id='word_1_88' title='bbox 966 1270 1239 1348; x_wconf 89' lang='lat' dir='ltr'><strong>exemplo</strong></span> <span class='ocrx_word' id='word_1_89' title='bbox 1287 1270 1611 1330; x_wconf 88' lang='lat' dir='ltr'><strong>aedificatis</strong></span> <span class='ocrx_word' id='word_1_90' title='bbox 1661 1275 1729 1330; x_wconf 85' lang='lat' dir='ltr'><strong>ut</strong></span> <span class='ocrx_word' id='word_1_91' title='bbox 1778 1275 2005 1347; x_wconf 89' lang='lat' dir='ltr'><strong>partem</strong></span> <span class='ocrx_word' id='word_1_92' title='bbox 2054 1271 2219 1330; x_wconf 87' lang='lat' dir='ltr'><strong>illam</strong></span> <span class='ocrx_word' id='word_1_93' title='bbox 2264 1270 2503 1348; x_wconf 86' lang='lat' dir='ltr'><strong>proprio</strong></span> 
     </span>
     <span class='ocr_line' id='line_1_12' title="bbox 360 1371 2151 1451; baseline 0.001 -21"><span class='ocrx_word' id='word_1_94' title='bbox 360 1371 629 1446; x_wconf 90' lang='lat' dir='ltr'><strong>nomine,</strong></span> <span class='ocrx_word' id='word_1_95' title='bbox 675 1377 736 1433; x_wconf 90' lang='lat' dir='ltr'><strong>et</strong></span> <span class='ocrx_word' id='word_1_96' title='bbox 777 1371 1092 1449; x_wconf 87' lang='lat' dir='ltr'><strong>peregrino</strong></span> <span class='ocrx_word' id='word_1_97' title='bbox 1139 1372 1410 1451; x_wconf 89' lang='lat' dir='ltr'><strong>quidem,</strong></span> <span class='ocrx_word' id='word_1_98' title='bbox 1453 1373 1758 1433; x_wconf 86' lang='lat' dir='ltr'><strong>nominare</strong></span> <span class='ocrx_word' id='word_1_99' title='bbox 1801 1372 2151 1450; x_wconf 82' lang='lat' dir='ltr'><strong>inciperent.</strong></span> 
     </span>
    </p>
   </div>
   <div class='ocr_carea' id='block_1_3' title="bbox 1344 1561 1518 1619">
    <p class='ocr_par' dir='ltr' id='par_1_3' title="bbox 1344 1561 1518 1619">
     <span class='ocr_line' id='line_1_13' title="bbox 1344 1561 1518 1619; baseline 0 -2"><span class='ocrx_word' id='word_1_100' title='bbox 1344 1561 1518 1619; x_wconf 74' lang='lat' dir='ltr'><strong>latro.</strong></span> 
     </span>
    </p>
   </div>
   <div class='ocr_carea' id='block_1_4' title="bbox 322 1657 2602 2782">
    <p class='ocr_par' dir='ltr' id='par_1_4' title="bbox 322 1657 2602 2782">
     <span class='ocr_line' id='line_1_14' title="bbox 356 1657 2508 1757; baseline 0 -22"><span class='ocrx_word' id='word_1_101' title='bbox 356 1679 446 1738; x_wconf 91' lang='lat' dir='ltr'><strong>De</strong></span> <span class='ocrx_word' id='word_1_102' title='bbox 481 1678 592 1736; x_wconf 86' lang='lat' dir='ltr'><strong>hae</strong></span> <span class='ocrx_word' id='word_1_103' title='bbox 636 1697 782 1737; x_wconf 87' lang='lat' dir='ltr'><strong>voce</strong></span> <span class='ocrx_word' id='word_1_104' title='bbox 833 1678 1092 1738; x_wconf 81' lang='lat' dir='ltr'><strong>maxime</strong></span> <span class='ocrx_word' id='word_1_105' title='bbox 1131 1698 1258 1739; x_wconf 88' lang='lat' dir='ltr'><strong>eam</strong></span> <span class='ocrx_word' id='word_1_106' title='bbox 1308 1681 1383 1738; x_wconf 91' lang='lat' dir='ltr'><strong>ob</strong></span> <span class='ocrx_word' id='word_1_107' title='bbox 1431 1657 1664 1739; x_wconf 80' lang='lat' dir='ltr'><strong>causam</strong></span> <span class='ocrx_word' id='word_1_108' title='bbox 1721 1679 2034 1739; x_wconf 88' lang='lat' dir='ltr'><strong>dicendum</strong></span> <span class='ocrx_word' id='word_1_109' title='bbox 2069 1683 2186 1751; x_wconf 84' lang='lat' dir='ltr'><strong>est,</strong></span> <span class='ocrx_word' id='word_1_110' title='bbox 2248 1679 2405 1757; x_wconf 88' lang='lat' dir='ltr'><strong>quod</strong></span> <span class='ocrx_word' id='word_1_111' title='bbox 2441 1677 2508 1736; x_wconf 92' lang='lat' dir='ltr'><strong>in</strong></span> 
     </span>
     <span class='ocr_line' id='line_1_15' title="bbox 357 1780 2509 1860; baseline -0.001 -20"><span class='ocrx_word' id='word_1_112' title='bbox 357 1801 428 1840; x_wconf 90' lang='lat' dir='ltr'><strong>ea</strong></span> <span class='ocrx_word' id='word_1_113' title='bbox 457 1780 723 1840; x_wconf 84' lang='lat' dir='ltr'><strong>virorum</strong></span> <span class='ocrx_word' id='word_1_114' title='bbox 758 1783 1125 1860; x_wconf 89' lang='lat' dir='ltr'><strong>quorundam</strong></span> <span class='ocrx_word' id='word_1_115' title='bbox 1159 1782 1482 1854; x_wconf 88' lang='lat' dir='ltr'><strong>doctorum,</strong></span> <span class='ocrx_word' id='word_1_116' title='bbox 1530 1782 1636 1860; x_wconf 90' lang='lat' dir='ltr'><strong>qui</strong></span> <span class='ocrx_word' id='word_1_117' title='bbox 1667 1782 1889 1858; x_wconf 87' lang='lat' dir='ltr'><strong>linguis</strong></span> <span class='ocrx_word' id='word_1_118' title='bbox 1927 1780 2335 1857; x_wconf 84' lang='lat' dir='ltr'><strong>comparandis</strong></span> <span class='ocrx_word' id='word_1_119' title='bbox 2370 1798 2509 1856; x_wconf 91' lang='lat' dir='ltr'><strong>ope-</strong></span> 
     </span>
     <span class='ocr_line' id='line_1_16' title="bbox 356 1882 2508 1960; baseline -0 -18"><span class='ocrx_word' id='word_1_120' title='bbox 356 1903 480 1943; x_wconf 88' lang='lat' dir='ltr'><strong>ram</strong></span> <span class='ocrx_word' id='word_1_121' title='bbox 544 1884 717 1955; x_wconf 89' lang='lat' dir='ltr'><strong>dant,</strong></span> <span class='ocrx_word' id='word_1_122' title='bbox 783 1883 1044 1942; x_wconf 90' lang='lat' dir='ltr'><strong>studium</strong></span> <span class='ocrx_word' id='word_1_123' title='bbox 1103 1883 1502 1960; x_wconf 88' lang='lat' dir='ltr'><strong>perniciosum</strong></span> <span class='ocrx_word' id='word_1_124' title='bbox 1563 1883 1826 1943; x_wconf 89' lang='lat' dir='ltr'><strong>radicum</strong></span> <span class='ocrx_word' id='word_1_125' title='bbox 1886 1882 2508 1959; x_wconf 86' lang='lat' dir='ltr'><strong>Indogermanicarum</strong></span> 
     </span>
     <span class='ocr_line' id='line_1_17' title="bbox 356 1984 2602 2065; baseline -0.001 -20"><span class='ocrx_word' id='word_1_126' title='bbox 356 1985 579 2065; x_wconf 90' lang='lat' dir='ltr'><strong>ubique</strong></span> <span class='ocrx_word' id='word_1_127' title='bbox 612 1986 1043 2046; x_wconf 86' lang='lat' dir='ltr'><strong>odorandarum</strong></span> <span class='ocrx_word' id='word_1_128' title='bbox 1076 1985 1299 2062; x_wconf 88' lang='lat' dir='ltr'><strong>optime</strong></span> <span class='ocrx_word' id='word_1_129' title='bbox 1334 1985 1817 2062; x_wconf 87' lang='lat' dir='ltr'><strong>deprehenditur.</strong></span> <span class='ocrx_word' id='word_1_130' title='bbox 1904 1986 2056 2044; x_wconf 85' lang='lat' dir='ltr'><strong>Nam</strong></span> <span class='ocrx_word' id='word_1_131' title='bbox 2089 2005 2225 2044; x_wconf 82' lang='lat' dir='ltr'><strong>cum</strong></span> <span class='ocrx_word' id='word_1_132' title='bbox 2258 1986 2413 2044; x_wconf 87' lang='lat' dir='ltr'><strong>forte</strong></span> <span class='ocrx_word' id='word_1_133' title='bbox 2442 1984 2508 2043; x_wconf 88' lang='lat' dir='ltr'><strong>in</strong></span> <span class='ocrx_word' id='word_1_134' title='bbox 2597 2032 2602 2035; x_wconf 87' lang='lat'><strong>.</strong></span> 
     </span>
     <span class='ocr_line' id='line_1_18' title="bbox 357 2084 2509 2162; baseline -0 -15"><span class='ocrx_word' id='word_1_135' title='bbox 357 2088 561 2162; x_wconf 85' lang='lat' dir='ltr'><strong>lingua</strong></span> <span class='ocrx_word' id='word_1_136' title='bbox 622 2086 1057 2148; x_wconf 86' lang='lat' dir='ltr'><strong>Lithuanorum</strong></span> <span class='ocrx_word' id='word_1_137' title='bbox 1122 2084 1421 2148; x_wconf 88' lang='lat' dir='ltr'><strong>‘latras’</strong></span> <span class='ocrx_word' id='word_1_138' title='bbox 1500 2086 1801 2148; x_wconf 89' lang='lat' dir='ltr'><strong>hominem</strong></span> <span class='ocrx_word' id='word_1_139' title='bbox 1859 2088 2190 2147; x_wconf 87' lang='lat' dir='ltr'><strong>maleficum</strong></span> <span class='ocrx_word' id='word_1_140' title='bbox 2252 2090 2509 2160; x_wconf 88' lang='lat' dir='ltr'><strong>denotet,</strong></span> 
     </span>
     <span class='ocr_line' id='line_1_19' title="bbox 356 2189 2507 2267; baseline -0.001 -18"><span class='ocrx_word' id='word_1_141' title='bbox 356 2191 556 2251; x_wconf 86' lang='lat' dir='ltr'><strong>Lottn.</strong></span> <span class='ocrx_word' id='word_1_142' title='bbox 595 2190 879 2251; x_wconf 86' lang='lat' dir='ltr'><strong>Zeitschr.</strong></span> <span class='ocrx_word' id='word_1_143' title='bbox 916 2192 957 2251; x_wconf 86' lang='lat' dir='ltr'><strong>f.</strong></span> <span class='ocrx_word' id='word_1_144' title='bbox 1005 2191 1125 2265; x_wconf 78' lang='lat' dir='ltr'><strong>vgl.</strong></span> <span class='ocrx_word' id='word_1_145' title='bbox 1159 2190 1288 2267; x_wconf 85' lang='lat' dir='ltr'><strong>Spr.</strong></span> <span class='ocrx_word' id='word_1_146' title='bbox 1330 2196 1491 2250; x_wconf 85' lang='lat'>1858</span> <span class='ocrx_word' id='word_1_147' title='bbox 1544 2211 1602 2267; x_wconf 88' lang='lat' dir='ltr'><strong>p.</strong></span> <span class='ocrx_word' id='word_1_148' title='bbox 1643 2191 1756 2250; x_wconf 89' lang='grc'><strong>187</strong></span> <span class='ocrx_word' id='word_1_149' title='bbox 1812 2189 1875 2249; x_wconf 87' lang='lat' dir='ltr'><strong>vi</strong></span> <span class='ocrx_word' id='word_1_150' title='bbox 1922 2189 2229 2266; x_wconf 84' lang='lat' dir='ltr'><strong>primitiva</strong></span> <span class='ocrx_word' id='word_1_151' title='bbox 2258 2189 2507 2248; x_wconf 83' lang='lat' dir='ltr'><strong>Latinae</strong></span> 
     </span>
     <span class='ocr_line' id='line_1_20' title="bbox 363 2290 2509 2375; baseline -0.002 -23"><span class='ocrx_word' id='word_1_152' title='bbox 363 2291 528 2353; x_wconf 85' lang='lat' dir='ltr'><strong>vocis</strong></span> <span class='ocrx_word' id='word_1_153' title='bbox 557 2311 677 2353; x_wconf 88' lang='lat' dir='ltr'><strong>non</strong></span> <span class='ocrx_word' id='word_1_154' title='bbox 719 2295 1019 2375; x_wconf 87' lang='lat' dir='ltr'><strong>respecta,</strong></span> <span class='ocrx_word' id='word_1_155' title='bbox 1065 2312 1215 2373; x_wconf 86' lang='lat' dir='ltr'><strong>quae</strong></span> <span class='ocrx_word' id='word_1_156' title='bbox 1251 2312 1326 2352; x_wconf 87' lang='lat' dir='ltr'><strong>ex</strong></span> <span class='ocrx_word' id='word_1_157' title='bbox 1363 2294 1584 2354; x_wconf 86' lang='lat' dir='ltr'><strong>Graeco</strong></span> <span class='ocrx_word' id='word_1_158' title='bbox 1615 2312 1744 2353; x_wconf 89' lang='lat' dir='ltr'><strong>eam</strong></span> <span class='ocrx_word' id='word_1_159' title='bbox 1778 2312 1906 2368; x_wconf 86' lang='lat' dir='ltr'><strong>esse</strong></span> <span class='ocrx_word' id='word_1_160' title='bbox 1938 2291 2280 2353; x_wconf 84' lang='lat' dir='ltr'><strong>translatam</strong></span> <span class='ocrx_word' id='word_1_161' title='bbox 2311 2290 2509 2348; x_wconf 89' lang='lat' dir='ltr'><strong>claris-</strong></span> 
     </span>
     <span class='ocr_line' id='line_1_21' title="bbox 366 2392 2509 2474; baseline -0.002 -19"><span class='ocrx_word' id='word_1_162' title='bbox 366 2397 512 2455; x_wconf 88' lang='lat' dir='ltr'><strong>sime</strong></span> <span class='ocrx_word' id='word_1_163' title='bbox 559 2395 850 2468; x_wconf 87' lang='lat' dir='ltr'><strong>ostendit,</strong></span> <span class='ocrx_word' id='word_1_164' title='bbox 910 2394 1343 2456; x_wconf 87' lang='lat' dir='ltr'><strong>‘latronem&#39;</strong></span> <span class='ocrx_word' id='word_1_165' title='bbox 1392 2416 1528 2456; x_wconf 92' lang='lat' dir='ltr'><strong>cum</strong></span> <span class='ocrx_word' id='word_1_166' title='bbox 1584 2416 1653 2456; x_wconf 94' lang='lat' dir='ltr'><strong>eo</strong></span> <span class='ocrx_word' id='word_1_167' title='bbox 1706 2415 2056 2474; x_wconf 89' lang='lat' dir='ltr'><strong>componere</strong></span> <span class='ocrx_word' id='word_1_168' title='bbox 2099 2414 2221 2453; x_wconf 89' lang='lat' dir='ltr'><strong>non</strong></span> <span class='ocrx_word' id='word_1_169' title='bbox 2262 2392 2509 2452; x_wconf 82' lang='lat' dir='ltr'><strong>dubitat.</strong></span> 
     </span>
     <span class='ocr_line' id='line_1_22' title="bbox 368 2496 2513 2577; baseline -0.005 -14"><span class='ocrx_word' id='word_1_170' title='bbox 368 2499 540 2563; x_wconf 81' lang='lat' dir='ltr'><strong>Quod</strong></span> <span class='ocrx_word' id='word_1_171' title='bbox 583 2517 758 2577; x_wconf 90' lang='lat' dir='ltr'><strong>quam</strong></span> <span class='ocrx_word' id='word_1_172' title='bbox 807 2497 887 2557; x_wconf 87' lang='lat' dir='ltr'><strong>sit</strong></span> <span class='ocrx_word' id='word_1_173' title='bbox 919 2497 1133 2557; x_wconf 86' lang='lat' dir='ltr'><strong>falsum</strong></span> <span class='ocrx_word' id='word_1_174' title='bbox 1180 2498 1511 2557; x_wconf 88' lang='lat' dir='ltr'><strong>accuratius</strong></span> <span class='ocrx_word' id='word_1_175' title='bbox 1555 2499 1739 2558; x_wconf 90' lang='lat' dir='ltr'><strong>habes</strong></span> <span class='ocrx_word' id='word_1_176' title='bbox 1787 2501 1943 2576; x_wconf 90' lang='lat' dir='ltr'><strong>apud</strong></span> <span class='ocrx_word' id='word_1_177' title='bbox 1977 2499 2133 2558; x_wconf 87' lang='lat' dir='ltr'><strong>Pott.</strong></span> <span class='ocrx_word' id='word_1_178' title='bbox 2166 2497 2420 2557; x_wconf 86' lang='lat' dir='ltr'><strong>sztb.</strong></span> <span class='ocrx_word' id='word_1_179' title='bbox 2462 2496 2513 2569; x_wconf 93' lang='lat' dir='ltr'><strong>I,</strong></span> 
     </span>
     <span class='ocr_line' id='line_1_23' title="bbox 322 2600 2516 2680; baseline -0.002 -18"><span class='ocrx_word' id='word_1_180' title='bbox 322 2675 329 2680; x_wconf 20' lang='grc' dir='ltr'><strong>θ</strong></span> <span class='ocrx_word' id='word_1_181' title='bbox 373 2607 535 2662; x_wconf 83' lang='grc'><strong>1293</strong></span> <span class='ocrx_word' id='word_1_182' title='bbox 576 2606 636 2661; x_wconf 90' lang='lat' dir='ltr'><strong>et</strong></span> <span class='ocrx_word' id='word_1_183' title='bbox 665 2603 823 2679; x_wconf 91' lang='lat' dir='ltr'><strong>apud</strong></span> <span class='ocrx_word' id='word_1_184' title='bbox 861 2600 1020 2660; x_wconf 85' lang='lat' dir='ltr'><strong>Curt.</strong></span> <span class='ocrx_word' id='word_1_185' title='bbox 1056 2601 1312 2661; x_wconf 83' lang='lat' dir='ltr'><strong>Grundz.</strong></span> <span class='ocrx_word' id='word_1_186' title='bbox 1349 2621 1443 2660; x_wconf 91' lang='lat' dir='ltr'><strong>no.</strong></span> <span class='ocrx_word' id='word_1_187' title='bbox 1487 2606 1625 2661; x_wconf 82' lang='lat'><strong>536.</strong></span> <span class='ocrx_word' id='word_1_188' title='bbox 1715 2602 1961 2661; x_wconf 91' lang='lat' dir='ltr'><strong>Illorum</strong></span> <span class='ocrx_word' id='word_1_189' title='bbox 1990 2621 2133 2660; x_wconf 85' lang='lat' dir='ltr'><strong>vero</strong></span> <span class='ocrx_word' id='word_1_190' title='bbox 2171 2602 2516 2676; x_wconf 84' lang='lat' dir='ltr'><strong>argumenta</strong></span> 
     </span>
     <span class='ocr_line' id='line_1_24' title="bbox 364 2705 1662 2782; baseline 0.001 -19"><span class='ocrx_word' id='word_1_191' title='bbox 364 2705 477 2765; x_wconf 89' lang='lat' dir='ltr'><strong>hoc</strong></span> <span class='ocrx_word' id='word_1_192' title='bbox 521 2705 649 2765; x_wconf 93' lang='lat' dir='ltr'><strong>loco</strong></span> <span class='ocrx_word' id='word_1_193' title='bbox 692 2707 964 2782; x_wconf 90' lang='lat' dir='ltr'><strong>repetere</strong></span> <span class='ocrx_word' id='word_1_194' title='bbox 1008 2723 1510 2781; x_wconf 84' lang='lat' dir='ltr'><strong>supervacaneum</strong></span> <span class='ocrx_word' id='word_1_195' title='bbox 1557 2708 1662 2765; x_wconf 89' lang='lat' dir='ltr'><strong>est.</strong></span> 
     </span>
    </p>
   </div>
   <div class='ocr_carea' id='block_1_5' title="bbox 1330 2911 1543 2950">
    <p class='ocr_par' dir='ltr' id='par_1_5' title="bbox 1330 2911 1543 2950">
     <span class='ocr_line' id='line_1_25' title="bbox 1330 2911 1543 2950; baseline -0.005 0"><span class='ocrx_word' id='word_1_196' title='bbox 1330 2911 1543 2950; x_wconf 66' lang='lat' dir='ltr'><strong>moY&#39;US.</strong></span> 
     </span>
    </p>
   </div>
   <div class='ocr_carea' id='block_1_6' title="bbox 364 3006 2628 3088">
    <p class='ocr_par' dir='ltr' id='par_1_6' title="bbox 364 3006 2628 3088">
     <span class='ocr_line' id='line_1_26' title="bbox 364 3006 2628 3088; baseline 0.001 -20"><span class='ocrx_word' id='word_1_197' title='bbox 364 3010 508 3071; x_wconf 90' lang='lat' dir='ltr'><strong>Pott</strong></span> <span class='ocrx_word' id='word_1_198' title='bbox 539 3010 792 3071; x_wconf 84' lang='lat' dir='ltr'><strong>sztb.</strong></span> <span class='ocrx_word' id='word_1_199' title='bbox 828 3014 894 3085; x_wconf 93' lang='lat' dir='ltr'><strong>I,</strong></span> <span class='ocrx_word' id='word_1_200' title='bbox 934 3015 1086 3085; x_wconf 77' lang='lat'>2833</span> <span class='ocrx_word' id='word_1_201' title='bbox 1130 3011 1280 3072; x_wconf 90' lang='lat' dir='ltr'><strong>Pict.</strong></span> <span class='ocrx_word' id='word_1_202' title='bbox 1322 3011 1603 3072; x_wconf 89' lang='lat' dir='ltr'><strong>Zeitschr.</strong></span> <span class='ocrx_word' id='word_1_203' title='bbox 1640 3011 1680 3070; x_wconf 86' lang='lat' dir='ltr'><strong>f.</strong></span> <span class='ocrx_word' id='word_1_204' title='bbox 1724 3010 1842 3085; x_wconf 84' lang='lat' dir='ltr'><strong>vgl.</strong></span> <span class='ocrx_word' id='word_1_205' title='bbox 1876 3010 2005 3088; x_wconf 87' lang='lat' dir='ltr'><strong>Spr.</strong></span> <span class='ocrx_word' id='word_1_206' title='bbox 2040 3010 2111 3084; x_wconf 88' lang='lat' dir='ltr'><strong>V,</strong></span> <span class='ocrx_word' id='word_1_207' title='bbox 2157 3015 2307 3085; x_wconf 86' lang='lat'><strong>330;</strong></span> <span class='ocrx_word' id='word_1_208' title='bbox 2354 3011 2513 3072; x_wconf 85' lang='lat' dir='ltr'><strong>Curt.</strong></span> <span class='ocrx_word' id='word_1_209' title='bbox 2621 3006 2628 3016; x_wconf 56' lang='lat'>⁵</span> 
     </span>
    </p>
   </div>
   <div class='ocr_carea' id='block_1_7' title="bbox 364 3103 2519 4115">
    <p class='ocr_par' dir='ltr' id='par_1_7' title="bbox 364 3103 2519 4115">
     <span class='ocr_line' id='line_1_27' title="bbox 367 3103 2513 3189; baseline 0 -18"><span class='ocrx_word' id='word_1_210' title='bbox 367 3112 623 3173; x_wconf 86' lang='lat' dir='ltr'><strong>Grundz.</strong></span> <span class='ocrx_word' id='word_1_211' title='bbox 662 3133 758 3173; x_wconf 88' lang='lat' dir='ltr'><strong>n0.</strong></span> <span class='ocrx_word' id='word_1_212' title='bbox 801 3118 920 3173; x_wconf 85' lang='lat'><strong>484</strong></span> <span class='ocrx_word' id='word_1_213' title='bbox 972 3116 1044 3173; x_wconf 91' lang='lat' dir='ltr'><strong>de</strong></span> <span class='ocrx_word' id='word_1_214' title='bbox 1094 3114 1309 3175; x_wconf 88' lang='lat' dir='ltr'><strong>radicis</strong></span> <span class='ocrx_word' id='word_1_215' title='bbox 1348 3116 1538 3189; x_wconf 80' lang='lat' dir='ltr'><strong>forma</strong></span> <span class='ocrx_word' id='word_1_216' title='bbox 1584 3103 1975 3187; x_wconf 86' lang='lat' dir='ltr'><strong>dissentiunt,</strong></span> <span class='ocrx_word' id='word_1_217' title='bbox 2019 3113 2399 3174; x_wconf 88' lang='lat' dir='ltr'><strong>consentiunt</strong></span> <span class='ocrx_word' id='word_1_218' title='bbox 2440 3115 2513 3172; x_wconf 89' lang='lat' dir='ltr'><strong>de</strong></span> 
     </span>
     <span class='ocr_line' id='line_1_28' title="bbox 365 3212 2511 3290; baseline -0.002 -15"><span class='ocrx_word' id='word_1_219' title='bbox 365 3214 608 3275; x_wconf 87' lang='lat' dir='ltr'><strong>civitate</strong></span> <span class='ocrx_word' id='word_1_220' title='bbox 659 3214 788 3274; x_wconf 91' lang='lat' dir='ltr'><strong>eius</strong></span> <span class='ocrx_word' id='word_1_221' title='bbox 825 3215 1058 3275; x_wconf 89' lang='lat' dir='ltr'><strong>Latina.</strong></span> <span class='ocrx_word' id='word_1_222' title='bbox 1145 3217 1297 3277; x_wconf 87' lang='lat' dir='ltr'><strong>Fick</strong></span> <span class='ocrx_word' id='word_1_223' title='bbox 1335 3218 1590 3277; x_wconf 85' lang='lat' dir='ltr'><strong>sztb.</strong></span> <span class='ocrx_word' id='word_1_224' title='bbox 1625 3218 1674 3289; x_wconf 91' lang='grc' dir='ltr'><strong>Ι,</strong></span> <span class='ocrx_word' id='word_1_225' title='bbox 1716 3221 1832 3274; x_wconf 90' lang='lat'><strong>156</strong></span> <span class='ocrx_word' id='word_1_226' title='bbox 1873 3215 2159 3274; x_wconf 87' lang='lat' dir='ltr'><strong>Graecum</strong></span> <span class='ocrx_word' id='word_1_227' title='bbox 2208 3212 2511 3290; x_wconf 53' lang='lat' dir='ltr'><strong>‘papas’</strong></span> 
     </span>
     <span class='ocr_line' id='line_1_29' title="bbox 366 3314 2511 3393; baseline -0.003 -15"><span class='ocrx_word' id='word_1_228' title='bbox 366 3318 441 3378; x_wconf 92' lang='lat' dir='ltr'><strong>ad</strong></span> <span class='ocrx_word' id='word_1_229' title='bbox 490 3316 745 3377; x_wconf 87' lang='lat' dir='ltr'><strong>‘mura’</strong></span> <span class='ocrx_word' id='word_1_230' title='bbox 797 3317 1220 3379; x_wconf 89' lang='lat' dir='ltr'><strong>Sanscriticum</strong></span> <span class='ocrx_word' id='word_1_231' title='bbox 1268 3322 1479 3393; x_wconf 85' lang='lat' dir='ltr'><strong>refert,</strong></span> <span class='ocrx_word' id='word_1_232' title='bbox 1522 3318 1802 3379; x_wconf 89' lang='lat' dir='ltr'><strong>Latinum</strong></span> <span class='ocrx_word' id='word_1_233' title='bbox 1846 3320 2040 3376; x_wconf 89' lang='lat' dir='ltr'><strong>autem</strong></span> <span class='ocrx_word' id='word_1_234' title='bbox 2091 3314 2388 3374; x_wconf 86' lang='lat' dir='ltr'><strong>‘morus&#39;</strong></span> <span class='ocrx_word' id='word_1_235' title='bbox 2434 3334 2511 3372; x_wconf 85' lang='lat' dir='ltr'><strong>ex</strong></span> 
     </span>
     <span class='ocr_line' id='line_1_30' title="bbox 366 3418 2510 3499; baseline -0.003 -20"><span class='ocrx_word' id='word_1_236' title='bbox 366 3420 588 3480; x_wconf 85' lang='lat' dir='ltr'><strong>Graeco</strong></span> <span class='ocrx_word' id='word_1_237' title='bbox 637 3420 915 3480; x_wconf 87' lang='lat' dir='ltr'><strong>tralatum</strong></span> <span class='ocrx_word' id='word_1_238' title='bbox 972 3421 1089 3481; x_wconf 92' lang='lat' dir='ltr'><strong>sibi</strong></span> <span class='ocrx_word' id='word_1_239' title='bbox 1138 3421 1333 3482; x_wconf 86' lang='lat' dir='ltr'><strong>videri</strong></span> <span class='ocrx_word' id='word_1_240' title='bbox 1389 3422 1553 3482; x_wconf 87' lang='lat' dir='ltr'><strong>dicit.</strong></span> <span class='ocrx_word' id='word_1_241' title='bbox 1653 3420 1828 3479; x_wconf 86' lang='lat' dir='ltr'><strong>Saalf.</strong></span> <span class='ocrx_word' id='word_1_242' title='bbox 1876 3438 2112 3499; x_wconf 88' lang='lat' dir='ltr'><strong>quoque</strong></span> <span class='ocrx_word' id='word_1_243' title='bbox 2159 3418 2282 3476; x_wconf 90' lang='lat' dir='ltr'><strong>ind.</strong></span> <span class='ocrx_word' id='word_1_244' title='bbox 2332 3438 2389 3493; x_wconf 88' lang='lat' dir='ltr'><strong>p.</strong></span> <span class='ocrx_word' id='word_1_245' title='bbox 2432 3421 2510 3474; x_wconf 84' lang='lat'><strong>53</strong></span> 
     </span>
     <span class='ocr_line' id='line_1_31' title="bbox 365 3518 2517 3603; baseline -0.003 -20"><span class='ocrx_word' id='word_1_246' title='bbox 365 3523 643 3584; x_wconf 88' lang='lat' dir='ltr'><strong>tralatum</strong></span> <span class='ocrx_word' id='word_1_247' title='bbox 692 3527 883 3600; x_wconf 86' lang='lat' dir='ltr'><strong>putat.</strong></span> <span class='ocrx_word' id='word_1_248' title='bbox 975 3523 1145 3587; x_wconf 80' lang='lat' dir='ltr'><strong>Quod</strong></span> <span class='ocrx_word' id='word_1_249' title='bbox 1185 3524 1425 3603; x_wconf 89' lang='lat' dir='ltr'><strong>quidem</strong></span> <span class='ocrx_word' id='word_1_250' title='bbox 1463 3523 1825 3601; x_wconf 87' lang='lat' dir='ltr'><strong>argumentis</strong></span> <span class='ocrx_word' id='word_1_251' title='bbox 1871 3542 1948 3582; x_wconf 90' lang='lat' dir='ltr'><strong>ex</strong></span> <span class='ocrx_word' id='word_1_252' title='bbox 1986 3520 2236 3582; x_wconf 85' lang='lat' dir='ltr'><strong>historia</strong></span> <span class='ocrx_word' id='word_1_253' title='bbox 2274 3518 2517 3595; x_wconf 89' lang='lat' dir='ltr'><strong>linguae</strong></span> 
     </span>
     <span class='ocr_line' id='line_1_32' title="bbox 365 3622 2517 3704; baseline -0.003 -19"><span class='ocrx_word' id='word_1_254' title='bbox 365 3626 615 3703; x_wconf 82' lang='lat' dir='ltr'><strong>Latinae</strong></span> <span class='ocrx_word' id='word_1_255' title='bbox 661 3626 820 3686; x_wconf 90' lang='lat' dir='ltr'><strong>sexti</strong></span> <span class='ocrx_word' id='word_1_256' title='bbox 878 3627 1098 3687; x_wconf 86' lang='lat' dir='ltr'><strong>saeculi</strong></span> <span class='ocrx_word' id='word_1_257' title='bbox 1150 3626 1358 3702; x_wconf 90' lang='lat' dir='ltr'><strong>petitis</strong></span> <span class='ocrx_word' id='word_1_258' title='bbox 1408 3626 1780 3704; x_wconf 89' lang='lat' dir='ltr'><strong>comprobari</strong></span> <span class='ocrx_word' id='word_1_259' title='bbox 1822 3644 1994 3702; x_wconf 90' lang='lat' dir='ltr'><strong>posse</strong></span> <span class='ocrx_word' id='word_1_260' title='bbox 2050 3622 2321 3683; x_wconf 85' lang='lat' dir='ltr'><strong>arbitror.</strong></span> <span class='ocrx_word' id='word_1_261' title='bbox 2421 3622 2517 3679; x_wconf 91' lang='lat' dir='ltr'><strong>Ad</strong></span> 
     </span>
     <span class='ocr_line' id='line_1_33' title="bbox 365 3726 2518 3805; baseline -0.003 -17"><span class='ocrx_word' id='word_1_262' title='bbox 365 3730 640 3790; x_wconf 87' lang='lat' dir='ltr'><strong>hebetem</strong></span> <span class='ocrx_word' id='word_1_263' title='bbox 686 3729 846 3790; x_wconf 89' lang='lat' dir='ltr'><strong>enim</strong></span> <span class='ocrx_word' id='word_1_264' title='bbox 897 3730 1081 3789; x_wconf 90' lang='lat' dir='ltr'><strong>animi</strong></span> <span class='ocrx_word' id='word_1_265' title='bbox 1129 3728 1535 3789; x_wconf 87' lang='lat' dir='ltr'><strong>condicionem</strong></span> <span class='ocrx_word' id='word_1_266' title='bbox 1581 3729 1959 3789; x_wconf 86' lang='lat' dir='ltr'><strong>indicandam</strong></span> <span class='ocrx_word' id='word_1_267' title='bbox 1999 3727 2159 3805; x_wconf 88' lang='lat' dir='ltr'><strong>apud</strong></span> <span class='ocrx_word' id='word_1_268' title='bbox 2201 3726 2518 3803; x_wconf 88' lang='lat' dir='ltr'><strong>scriptores</strong></span> 
     </span>
     <span class='ocr_line' id='line_1_34' title="bbox 364 3822 2519 3893; baseline -0.002 -4"><span class='ocrx_word' id='word_1_269' title='bbox 364 3831 529 3890; x_wconf 86' lang='lat' dir='ltr'><strong>illius</strong></span> <span class='ocrx_word' id='word_1_270' title='bbox 586 3832 720 3891; x_wconf 86' lang='lat' dir='ltr'><strong>aevi</strong></span> <span class='ocrx_word' id='word_1_271' title='bbox 781 3831 1117 3893; x_wconf 85' lang='lat' dir='ltr'><strong>sexcenties</strong></span> <span class='ocrx_word' id='word_1_272' title='bbox 1179 3835 1390 3893; x_wconf 86' lang='lat' dir='ltr'><strong>extant</strong></span> <span class='ocrx_word' id='word_1_273' title='bbox 1447 3852 1624 3893; x_wconf 87' lang='lat' dir='ltr'><strong>voces</strong></span> <span class='ocrx_word' id='word_1_274' title='bbox 1686 3828 2098 3891; x_wconf 88' lang='lat' dir='ltr'><strong>‘stultitia&#39;</strong></span> <span class='ocrx_word' id='word_1_275' title='bbox 2162 3828 2445 3888; x_wconf 88' lang='lat' dir='ltr'><strong>‘stultu</strong></span> <span class='ocrx_word' id='word_1_276' title='bbox 2463 3822 2519 3884; x_wconf 88' lang='lat' dir='ltr'><strong>s’</strong></span> 
     </span>
     <span class='ocr_line' id='line_1_35' title="bbox 364 3928 2515 4008; baseline -0.004 -15"><span class='ocrx_word' id='word_1_277' title='bbox 364 3932 696 4006; x_wconf 86' lang='lat' dir='ltr'><strong>‘stulte&#39;;</strong></span> <span class='ocrx_word' id='word_1_278' title='bbox 761 3932 1181 4008; x_wconf 87' lang='lat' dir='ltr'><strong>‘stolidus&#39;,</strong></span> <span class='ocrx_word' id='word_1_279' title='bbox 1243 3932 1627 3995; x_wconf 88' lang='lat' dir='ltr'><strong>‘stolide&#39;:</strong></span> <span class='ocrx_word' id='word_1_280' title='bbox 1691 3932 1997 3993; x_wconf 88' lang='lat' dir='ltr'><strong>‘morus’</strong></span> <span class='ocrx_word' id='word_1_281' title='bbox 2056 3928 2301 3990; x_wconf 88' lang='lat' dir='ltr'><strong>‘more&#39;</strong></span> <span class='ocrx_word' id='word_1_282' title='bbox 2358 3928 2515 4008; x_wconf 88' lang='lat' dir='ltr'><strong>apud</strong></span> 
     </span>
     <span class='ocr_line' id='line_1_36' title="bbox 365 4028 2513 4115; baseline -0.002 -22"><span class='ocrx_word' id='word_1_283' title='bbox 365 4035 594 4094; x_wconf 90' lang='lat' dir='ltr'><strong>nullum</strong></span> <span class='ocrx_word' id='word_1_284' title='bbox 643 4034 760 4093; x_wconf 89' lang='lat' dir='ltr'><strong>nisi</strong></span> <span class='ocrx_word' id='word_1_285' title='bbox 794 4040 952 4114; x_wconf 92' lang='lat' dir='ltr'><strong>apud</strong></span> <span class='ocrx_word' id='word_1_286' title='bbox 985 4037 1263 4098; x_wconf 90' lang='lat' dir='ltr'><strong>Plautum</strong></span> <span class='ocrx_word' id='word_1_287' title='bbox 1304 4040 1477 4108; x_wconf 87' lang='lat' dir='ltr'><strong>sunt,</strong></span> <span class='ocrx_word' id='word_1_288' title='bbox 1537 4036 1721 4115; x_wconf 90' lang='lat' dir='ltr'><strong>idque</strong></span> <span class='ocrx_word' id='word_1_289' title='bbox 1775 4033 2131 4103; x_wconf 87' lang='lat' dir='ltr'><strong>adiectivum</strong></span> <span class='ocrx_word' id='word_1_290' title='bbox 2184 4037 2278 4092; x_wconf 88' lang='lat' dir='ltr'><strong>ter</strong></span> <span class='ocrx_word' id='word_1_291' title='bbox 2320 4028 2513 4110; x_wconf 82' lang='lat' dir='ltr'><strong>(Trin.</strong></span> 
     </span>
    </p>
   </div>
  </div>
 </body>
</html>
