2946 4700
1414 282 1495 345 12

378 457 454 495 ex
493 435 713 495 Graeco
754 471 837 480 --
884 458 918 495 a
965 432 1257 495 σκίπων
1295 471 1374 480 —-
1427 434 1652 513 pariter
1698 456 1765 495 ac
1807 439 2103 512 sceptrum
2154 439 2528 514 desumptum

377 544 564 615 putat.
652 539 768 597 Sed
798 539 975 616 plane
1010 538 1126 597 alia
1156 543 1247 597 est
1280 538 1429 597 ratio
1465 538 1530 597 in
1563 540 1790 597 duabus
1823 538 1918 597 his
1954 538 2215 598 vocibus.
2301 540 2529 616 Scipio-

377 642 471 700 nis
502 640 661 700 enim
697 660 866 699 usum
895 634 1191 699 Romanos
1224 661 1345 699 non
1380 660 1586 720 aeque·
1616 646 1797 720 atque
1830 642 2082 700 Graecos
2111 640 2230 700 iam
2262 663 2339 701 ex
2372 644 2528 702 anti-

377 743 678 822 quissimis
712 743 1078 819 temporibus
1113 744 1390 803 habuisse
1426 743 1750 821 permirum
1782 748 1953 816 esset,
1999 748 2296 820 sceptrum
2331 749 2528 804 autem

374 846 677 905 notionem
709 844 871 905 vitae
914 845 1181 906 cultioris
1229 845 1500 906 indicans
1548 865 1795 922 peregre
1836 846 2072 906 venisse
2121 845 2265 906 satis
2316 850 2528 923 proba-

374 948 494 1008 bile
544 949 796 1009 videtur.
884 951 1072 1009 Recte
1123 968 1360 1028 quoque
1396 949 1573 1010 Saalf.
1611 952 1734 1010 ind.
1772 970 1829 1026 p.
1868 951 1945 1009 73
1982 969 2119 1009 ann.
2156 955 2191 1008 8
2244 951 2319 1009 de
2351 950 2527 1009 trala-

374 1050 537 1110 tione
589 1056 835 1128 propter
885 1056 1180 1112 vetustam
1231 1051 1577 1130 Scipionum
1631 1057 1869 1127 gentem
1926 1072 2043 1112 non
2092 1072 2220 1112 esse
2266 1052 2529 1128 cogitan-

375 1155 513 1213 dum
559 1152 809 1214 monuit.

1331 1345 1559 1403 classis.

374 1460 573 1519 Radix
610 1464 818 1536 Indog.
852 1467 942 1523 est
977 1460 1149 1522 ‘cla’.
1217 1463 1362 1521 Cum
1389 1464 1596 1536 Ocres„
1642 1463 1746 1542 qui
1772 1465 2013 1538 Ausspr.
2051 1464 2099 1535 Ι,
2135 1468 2258 1521 496
2294 1463 2358 1522 in
2390 1483 2523 1523 ann.

374 1564 609 1639 egregie
660 1567 732 1624 de
777 1567 888 1624 hac
935 1586 1081 1625 voce
1131 1573 1336 1626 contra
1383 1566 1526 1626 Pott
1573 1566 1769 1644 Etym.
1823 1567 2102 1641 Forschg.
2150 1566 2243 1638 ΙΙ,
2299 1568 2418 1624 376
2464 1545 2525 1624 et

375 1667 532 1726 Curt.
569 1666 823 1726 Grundz.
868 1688 960 1728 no.
997 1668 1117 1727 29b
1159 1669 1492 1746 disputasse
1521 1669 1669 1728 mihi
1706 1668 1963 1742 videtur,
2006 1667 2254 1728 Latinae
2288 1668 2524 1745 linguae

374 1788 581 1829 vocem
631 1769 878 1830 ascribe.

1310 1961 1587 2018 colamus.

376 2080 534 2139 Curt.
570 2081 827 2140 Grundz.
874 2100 968 2140 no.
1005 2086 1083 2138 29
1131 2080 1420 2139 vocabula
1451 2078 1712 2138 eiusdem
1750 2079 1955 2158 stirpis
1983 2101 2059 2139 ex
2092 2078 2313 2154 linguis
2345 2080 2525 2148 Indo·

375 2183 728 2256 germanicis
761 2185 934 2243 affert
971 2183 1241 2263 quidem,
1288 2183 1572 2242 calamum
1608 2191 1807 2242 tamen
1842 2185 2091 2243 fortasse
2127 2183 2403 2242 tralatum
2440 2181 2526 2240 di-

375 2284 474 2343 cit.
561 2285 736 2344 Saalf.
772 2285 894 2344 ind.
927 2305 985 2362 p.
1023 2291 1096 2344 19
1137 2285 1255 2343 iam
1288 2282 1395 2362 pro
1433 2289 1593 2344 certo
1630 2285 1694 2344 id
1733 2287 1947 2358 afferre
1984 2290 2218 2364 praesto
2250 2291 2355 2345 est.
2443 2287 2526 2343 At

375 2386 470 2446 vis
512 2389 787 2448 vocabuli
831 2388 971 2448 huic
1017 2387 1348 2448 sententiae
1393 2394 1554 2449 certe
1599 2391 1810 2450 obstat.

1347 2579 1557 2655 pileus.

272 2781 273 2784 Ἴ
377 2697 536 2755 Curt.
569 2695 826 2756 Grundz.
865 2716 959 2756 n0.
1000 2701 1120 2754 364
1172 2696 1386 2756 dubius
1423 2700 1539 2767 est;
1589 2696 1777 2757 Corss.
1816 2700 2061 2774 Ausspr.
2097 2699 2157 2770 Ι,
2204 2702 2323 2754 525
2371 2696 2528 2758 radi-

376 2820 502 2859 cem
536 2799 751 2877 ‘spil'
784 2801 973 2873 affert,
1017 2820 1094 2859 cx
1132 2820 1249 2880 qua
1279 2799 1561 2877 ‘pilus',
1607 2820 1682 2859 ex
1719 2798 1917 2877 ‘pilo'
1956 2804 2151 2860 autem
2197 2797 2524 2876 ‘pileus’.

379 2905 702 2979 Oppugnat
748 2903 876 2963 eius
926 2903 1284 2964 sententiam
1333 2904 1510 2963 Saalf.
1560 2903 1684 2962 ind.
1731 2924 1789 2980 p.
1824 2909 1903 2961 64
1954 2922 2090 2962 ann.
2123 2908 2233 2962 28:
2302 2902 2526 2979 “pilum

375 3004 585 3082 (enim)
635 3005 857 3064 crinem
899 3007 1071 3065 modo
1109 3006 1477 3082 significare,
1524 3007 1700 3063 πῖλον
1729 3008 1926 3064 autem
1956 3004 2051 3077 id,
2097 3008 2257 3085 quod
2294 3025 2403 3065 nos
2438 3005 2526 3064 di-

377 3107 563 3166 cimus
608 3108 753 3180 ‘fflz,
798 3108 1547 3184 zusammengekrampelte
1588 3106 1798 3180 wolle’,
1843 3107 2057 3167 deinde
2096 3108 2325 3168 accedit
2367 3109 2525 3188 quod

376 3231 410 3268 a
445 3228 652 3284 graeco
690 3211 864 3277 πῖλος
893 3210 1081 3269 multa
1110 3210 1376 3269 derivata
1421 3211 1741 3269 habemus:
1800 3206 2012 3280 πιλέω,
2059 3209 2313 3285 πίλημα,
2360 3209 2521 3283 πίλη-

378 3327 488 3383 σις,
535 3305 872 3388 πιλητικός,
921 3308 1196 3387 πιλητός,
1245 3310 1501 3371 πιλίδιον
1541 3318 1650 3374 cet.
1694 3312 1909 3392 quibus
1943 3312 2212 3371 omnibus
2244 3311 2336 3371 vis
2366 3311 2536 3369 inest.

377 3412 563 3474 “filz''.
650 3415 945 3494 Equidem
977 3415 1263 3475 Corsseno
1298 3415 1742 3475 assentiendum
1773 3419 1935 3492 pute.
2025 3416 2173 3475 Nam
2201 3434 2331 3473 cum
2365 3413 2524 3490 pilus

376 3538 498 3578 non
533 3519 705 3578 modo
739 3518 1044 3578 hominum
1079 3518 1332 3591 crinem,
1378 3521 1483 3578 sed
1517 3518 1693 3578 etiam
1730 3518 2053 3578 bestiarum
2091 3517 2389 3593 significet
2426 3518 2524 3597 (ef.

377 3623 524 3682 Hor.
561 3624 668 3699 Ep.
703 3622 785 3695 ΙΙ,
824 3627 875 3695 1,
912 3622 1050 3697 45),
1097 3622 1445 3698 ‘pileum'
1495 3622 1558 3681 id
1594 3641 1754 3695 esse,
1799 3623 1957 3701 quod
2003 3642 2036 3681 a
2080 3621 2202 3698 pilo
2248 3619 2530 3698 provenit
2614 3702 2620 3707 ⁸

378 3727 654 3805 quodque
690 3725 877 3784 (jorse.
919 3725 1296 3783 “harener
1341 3722 1541 3782 Hut”
1591 3724 2017 3799 interpretatus
2050 3728 2167 3795 est,
2214 3743 2336 3783 non
2371 3723 2529 3782 diffi-

377 3827 490 3886 cile
523 3832 613 3885 est
643 3828 968 3887 intellectu.
1059 3825 1219 3889 Quin
1253 3827 1431 3885 etiam
1460 3826 1592 3903 ipsa
1620 3827 1756 3886 lana
1785 3826 2110 3899 Saalfeldii,
2153 3826 2306 3885 illud
2340 3830 2356 3857 ‘
2367 3826 2398 3884 f
2405 3824 2526 3896 ilz,

376 3930 1339 4005 zusammengekrampelte
1373 3928 1634 3989 wolle’
1672 3928 2061 3989 translatione
2099 3928 2352 4008 quadam
2382 3945 2525 3986 voce

375 4029 592 4107 ‘pilo'
641 4030 963 4105 significari
997 4030 1208 4108 potuit.
1298 4030 1597 4094 Quidnam
1647 4034 1706 4091 ‘f
1718 4029 1852 4091 ilz’
1899 4031 2063 4091 aliud
2094 4035 2185 4091 est
2214 4050 2387 4110 quam
2426 4031 2527 4087 be·

375 4133 620 4193 stiarum
660 4135 1027 4213 quarundam
1058 4134 1250 4195 crines
1284 4133 1588 4195 contexti?
1676 4133 1902 4197 Quidni
1936 4134 2077 4194 inde
2113 4133 2328 4211 capitis
2360 4137 2530 4210 tegu-
