2946 4700
960 206 1019 273 Γ

1444 270 1489 335 4

389 424 507 484 iam
541 424 738 484 omnia
782 425 1115 502 promiscue
1156 410 1484 486 certissima
1516 425 1919 487 venditantur.
2007 428 2303 487 Interesse
2349 431 2545 487 autem

390 527 617 606 aliquid
665 526 824 588 inter
872 549 941 588 ea
978 548 1127 608 quae
1159 528 1290 588 veri
1322 529 1569 603 similia,
1614 534 1674 590 et
1712 550 1781 589 ea
1818 550 1968 610 quae
2019 529 2348 589 certissima
2391 535 2545 603 sunt,

389 649 562 691 nemo
596 649 715 690 non
748 631 931 690 videt.
1011 631 1223 710 Itaque
1261 651 1617 710 quamquam
1649 631 2013 691 editionibus
2046 631 2305 708 optimis,
2352 634 2545 710 quoad

389 751 488 790 eas
523 732 786 793 nancisci
821 733 1022 810 potui,
1080 754 1222 793 usus
1267 754 1426 806 sum,
1489 735 1641 793 hanc
1685 739 1883 794 tamen
1921 736 2111 810 legem
2150 734 2300 792 mihi
2345 735 2544 806 statui,

389 838 458 894 ut
504 834 789 895 librorum
823 855 1002 895 manu
1050 836 1403 912 scriptorum
1440 836 1826 909 lectionibus,
1874 856 2024 915 quae
2075 836 2312 915 quidem
2364 856 2546 895 anno·

387 940 546 997 tatae
580 942 777 1011 erant,
823 937 1110 1015 inspectis
1148 938 1591 998 emendationes
1638 938 1756 998 nisi
1796 958 1946 1017 quae
1983 938 2344 998 certissimae
2381 940 2544 998 visae

387 1044 528 1099 sunt
560 1039 627 1098 in
670 1060 840 1100 usum
869 1060 1064 1101 meum
1100 1061 1219 1101 non
1257 1046 1683 1102 converterem.
1770 1041 2058 1100 Similiter
2090 1061 2166 1100 ex
2200 1042 2545 1116 fragmentis

386 1141 745 1217 tragicorum
777 1146 839 1203 et
868 1142 1222 1203 comicorum
1262 1148 1569 1219 poetarum
1603 1163 1840 1216 versus,
1888 1162 2136 1222 quorum
2186 1146 2259 1202 de
2305 1149 2543 1203 auctore

388 1264 508 1304 non
552 1244 696 1304 satis
732 1245 832 1304 vel
875 1245 1114 1305 omnino
1163 1265 1284 1305 non
1343 1252 1602 1319 constat,
1662 1267 1779 1306 non
1830 1246 2098 1322 respexi,
2161 1267 2293 1305 cum
2338 1266 2545 1306 norma

386 1346 535 1406 mihi
586 1348 844 1422 deesset,
906 1368 982 1407 an
1028 1350 1103 1407 ad
1160 1348 1444 1425 temporis
1496 1347 1783 1424 spatium,
1847 1369 1963 1428 quo
2010 1351 2155 1408 haec
2203 1348 2542 1427 disquisitio

386 1452 687 1523 versatur,
730 1449 1103 1526 pertinerent
1132 1470 1334 1509 necne.
1423 1449 1612 1508 Malui
1658 1451 1885 1510 cautior
1920 1471 2097 1528 quam
2144 1450 2420 1510 audacior
2451 1451 2543 1509 vi-

388 1552 532 1612 deri.
621 1553 842 1612 Omnes
874 1557 1072 1613 tamen
1109 1555 1269 1613 locos
1301 1557 1547 1630 propter
1576 1553 1868 1614 incertum
1907 1557 2139 1614 textum
2163 1552 2434 1613 *reiectos
2477 1553 2543 1611 in

388 1674 570 1714 unum
617 1654 916 1732 congessi,
960 1660 1058 1730 ut,
1102 1656 1154 1715 si
1190 1655 1337 1736 quid
1371 1655 1724 1729 erraverim,
1783 1656 1957 1717 facile
2006 1655 2268 1734 perspici
2313 1660 2374 1716 et
2417 1675 2543 1715 cor-

388 1757 505 1833 rigi
539 1757 745 1834 possit.
833 1757 963 1817 Sed*
989 1757 1055 1817 in
1085 1757 1161 1817 iis
1208 1778 1476 1838 quoque,
1524 1758 1629 1837 qui
1672 1758 1779 1818 tali
1811 1760 2198 1818 fundamento
2234 1757 2350 1818 niti
2393 1758 2542 1816 mihi

388 1860 778 1934 videbantur,
821 1865 891 1921 ut
922 1860 1072 1937 ipsis
1109 1865 1340 1934 uterer,
1399 1860 1489 1919 rei
1542 1860 1974 1932 condicionem,
2019 1860 2139 1919 nisi
2177 1859 2542 1919 levissimum

391 1962 536 2043 quid
567 1967 629 2023 et
659 1963 777 2022 iam
813 1962 956 2022 satis
1000 1982 1108 2040 per
1139 1981 1201 2021 se
1234 1963 1614 2040 perspicuum
1650 1967 1807 2037 erat,
1854 1983 1972 2022 non
2006 1963 2242 2022 silentio
2280 1966 2542 2039 praeter-

387 2066 555 2139 misi,
600 2069 668 2125 ut
712 2065 909 2126 omnia
953 2065 1228 2126 omnibus
1273 2066 1597 2125 clarissime
1641 2070 1902 2142 pateant.

558 2167 814 2228 Ratione
862 2168 1049 2244 igitur
1084 2168 1356 2245 exposita
1390 2190 1508 2248 qua
1547 2171 1618 2228 ad
1653 2189 1775 2228 rem
1809 2189 1936 2228 sum
1982 2186 2318 2242 aggressus,
2364 2166 2543 2224 missa

389 2290 828 2349 supervacanea
866 2270 1273 2348 disputatione
1319 2274 1394 2331 de
1424 2271 1671 2331 vocibus
1711 2276 1773 2331 et
1808 2270 2162 2331 lectionibus
2208 2272 2281 2328 de
2326 2268 2541 2347 quibus

388 2395 508 2435 non
541 2374 890 2452 ambigitur,
938 2378 1167 2435 tantum
1202 2377 1273 2435 de
1305 2375 1382 2435 iis
1421 2394 1726 2455 quaeram,
1772 2394 1921 2454 quae
1957 2372 2389 2433 dubitationem
2421 2391 2543 2431 mo-

387 2481 565 2551 vent,
623 2482 685 2537 et
731 2478 844 2537 hoc
889 2479 1063 2537 modo
1112 2477 1271 2537 viam
1315 2480 1387 2537 ad
1436 2482 1681 2546 rectumv
1700 2477 2118 2538 vocabulorum
2164 2479 2544 2551 conspectum

388 2579 538 2638 mihi
571 2578 851 2640 muniam.
938 2582 1029 2639 Ac
1060 2580 1315 2657 primum
1351 2580 1592 2660 quidem
1626 2582 1698 2640 de
1733 2580 1840 2652 iis,
1900 2580 1972 2639 de
2020 2579 2237 2658 quibus
2282 2576 2543 2636 dubitari

388 2685 587 2758 potest
639 2701 715 2740 ex
764 2681 986 2743 Graeco
1045 2687 1267 2743 tractae
1320 2683 1442 2743 sint
1498 2703 1714 2756 necne,
1777 2683 2003 2753 dicam3
2070 2682 2285 2742 deinde
2331 2682 2404 2740 de
2447 2679 2541 2750 iis,

391 2803 541 2863 quae
575 2785 650 2844 ob
684 2789 915 2845 textum
945 2786 1044 2845 vel
1079 2790 1375 2846 auctorem
1408 2786 1704 2846 incertum
1739 2806 1774 2845 a
1808 2804 1902 2845 me
1934 2784 2257 2845 reicuntur.
2323 2783 2544 2858 Dispu-

387 2887 534 2947 tatio
575 2891 771 2947 autem
806 2890 878 2948 de
907 2888 1156 2949 vocibus
1188 2888 1436 2972 originis
1475 2888 1691 2948 dubiae
1725 2887 2028 2965 tripartita
2061 2887 2189 2947 erit.
2279 2884 2540 2944 Primum

390 2992 463 3050 de
516 2988 592 3049 iis
650 2992 946 3062 tractabo,
1006 3011 1152 3069 quas
1205 2991 1443 3065 linguae
1500 2990 1750 3050 Latinae
1802 2989 2074 3062 vindico;
2136 2995 2263 3050 tum
2318 2989 2390 3047 de
2447 2986 2541 3056 iis,

389 3111 541 3173 quae
587 3112 665 3153 ex
700 3091 920 3153 Graeco
973 3097 1242 3170 sumptae
1277 3092 1428 3151 mihi
1469 3093 1783 3165 videntur3
1845 3092 2060 3153 deinde
2112 3094 2185 3151 de
2222 3091 2336 3164 iis,
2397 3108 2542 3168 quas

386 3196 452 3255 in
496 3195 688 3255 medio
722 3194 1146 3275 relinquendas
1184 3198 1348 3255 duco.
1439 3194 1780 3255 Sententias
1816 3195 2078 3256 omnium
2127 3194 2390 3253 virorum
2438 3193 2541 3248 do·

389 3303 647 3372 ctorum,
691 3297 798 3377 qui
830 3299 903 3357 de
949 3297 1044 3357 his
1080 3300 1259 3358 rebus
1298 3298 1527 3378 aliquid
1560 3297 1965 3375 protulerunt,
2010 3295 2234 3374 ubique
2267 3312 2540 3354 enarrare

393 3407 455 3463 et
479 3403 724 3478 longum
753 3405 844 3461 est
879 3405 968 3473 et,
1028 3422 1161 3461 cum
1194 3402 1430 3478 saepius
1466 3404 1696 3468 eadem,
1721 3400 1947 3478 prolata
1988 3398 2137 3472 sint,
2194 3416 2401 3473 parum
2437 3416 2542 3456 va-

389 3507 505 3577 let3
563 3504 726 3565 viros
779 3503 1019 3582 quidem
1071 3504 1489 3564 celeberrimos
1526 3496 1902 3574 Corssenum,
1950 3499 2215 3559 Curtium
2235 3547 2249 3570 ‚
2293 3501 2542 3560 Momm-

389 3628 598 3669 senum
633 3611 695 3666 et
724 3627 910 3667 unum
962 3627 1192 3681 eorum,
1252 3607 1357 3687 qui
1403 3606 1505 3666 via
1552 3625 1618 3666 ac
1665 3604 1895 3664 ratione
1942 3624 2012 3664 ea
2061 3603 2329 3679 collegit,
2391 3620 2541 3683 quae

389 3711 570 3771 hodie
606 3730 683 3771 ex
711 3709 934 3785 linguis
963 3708 1471 3786 Indogermanicis
1508 3708 1667 3768 inter
1703 3726 1767 3766 se
1807 3707 2162 3784 comparatis
2192 3706 2353 3766 inter
2379 3704 2540 3764 viros

390 3816 593 3876 doctos
625 3808 769 3873 satis
800 3816 1060 3885 constat,
1104 3812 1381 3872 Fickium
1419 3811 1580 3883 dico,
1624 3810 1975 3890 plerumque
2022 3810 2225 3869 audire
2264 3805 2537 3867 sufficiat.

388 3917 847 3995 Nonnumquam
888 3919 1118 3975 tantum
1155 3915 1259 3975 alii
1305 3933 1542 3994 quoque
1587 3913 1950 3990 respiciendi
1986 3916 2176 3971 erunt.
2266 3910 2539 3969 Ceterum

388 4018 567 4079 etiam
615 4019 933 4080 multorum
982 4018 1231 4079 aliorum
1278 4016 1608 4077 sententiae
1658 4015 1895 4093 saepius
1944 4014 2094 4073 mihi
2136 4032 2255 4073 non
2299 4012 2537 4089 ignotae

389 4123 659 4182 fuerunt:
691 4113 912 4192 ’ἅπλῶς
935 4116 1000 4180 δὲ
1028 4114 1094 4180 τὸ
1125 4113 1207 4200 μὴ
1234 4116 1437 4202 λέγειν,
1476 4113 1550 4179 οὗ
1579 4120 1688 4178 τοῦ
1718 4110 1799 4196 μή
1825 4113 2044 4178 εἰδέναι
2071 4119 2315 4194 σημεῖον
2346 4113 2541 4176 ἐστι’νῖ
