2946 4700
942 1218 1861 1319 Conspectus·

324 1633 575 1679 Praefatio
670 1662 2322 1680 ....................
2427 1627 2474 1674 V
2525 1674 2528 1677 Α

1265 1808 1434 1864 Pars
1477 1808 1531 1863 Ι.

410 1925 499 1984 De
543 1923 873 1984 rationibus
919 1944 1065 2002 quas
1106 1923 1171 1982 in
1214 1922 1520 1983 vocabulis
1559 1940 1637 1981 ex
1667 1920 1890 1980 Graeca
1932 1919 2138 1997 lingua
2180 1917 2388 1997 potitis

687 2026 1117 2087 constituendis
1164 2031 1226 2086 et
1268 2025 1618 2102 colligendis
1663 2025 1853 2085 secuti
1897 2027 2114 2083 eumue.

327 2179 448 2239 Cap.
518 2180 555 2224 1.
624 2180 700 2226 De
736 2180 940 2226 oonsilio
974 2184 1144 2227 nostro
1179 2180 1231 2226 in
1266 2179 1554 2226 universum
1590 2179 1866 2239 disputatur
1971 2212 2330 2224 .....
2444 2180 2469 2225 1

374 2315 405 2341 ‚,
492 2283 553 2329 11.
623 2283 699 2329 Do
734 2282 940 2331 vocibus
977 2297 1102 2342 quae
1137 2298 1199 2331 ex
1235 2283 1426 2331 Graeca
1465 2283 1636 2343 lingua
1670 2281 1853 2342 potitae
1887 2295 1986 2328 non
2034 2284 2149 2329 sunt
2183 2294 2333 2341 expo-

633 2386 766 2433 nitur
852 2419 2333 2434 ..................
2443 2385 2475 2431 5

375 2521 406 2547 ,,
465 2489 549 2534 111.
620 2490 698 2537 De
732 2489 793 2537 iis
829 2503 954 2549 quae
989 2504 1050 2538 ox
1086 2489 1277 2538 Graeca
1310 2490 1482 2551 lingua
1515 2494 1712 2551 sumpta
1746 2493 1860 2538 sunt
1894 2487 2146 2547 quaeritur
2232 2523 2244 2535 .
2319 2522 2330 2534 .
2407 2486 2471 2533 17

377 2624 408 2650 ,,
467 2591 554 2637 IV.
623 2593 701 2640 Do
734 2592 797 2640 iis
819 2571 957 2651 *quae
992 2592 1044 2640 in
1079 2592 1241 2640 medio
1277 2592 1505 2652 relinquo
1546 2628 1557 2639 .
1634 2625 1647 2637 .
1721 2627 1732 2639 .
1808 2627 1818 2637 .
1879 2623 1884 2627 -
1892 2624 2333 2638 ......
2408 2590 2475 2636 23

376 2728 407 2754 ,,
493 2694 554 2741 V.
622 2696 700 2743 De
733 2695 794 2743 iis
829 2709 954 2756 quae
989 2695 1052 2743 ob
1088 2700 1275 2744 textum
1308 2697 1393 2744 vel
1424 2699 1674 2743 auctorem
1708 2694 1949 2743 incertum
1984 2693 2128 2742 omisi
2230 2729 2241 2740 .
2317 2727 2329 2739 .
2403 2694 2469 2740 27

1249 2871 1417 2928 Pars
1459 2870 1554 2926 11.

961 2985 1345 3046 Enumeratio
1388 2983 1813 3052 vocabulorum
1889 3035 2335 3048 ......
2406 3002 2471 3048 33

325 3122 566 3170 Addenda
604 3123 664 3172 de
698 3122 980 3171 nominibus
1014 3122 1244 3184 proprii3‚
1282 3122 1592 3183 dictionibus,
1630 3121 2008 3171 formationibus
2044 3121 2249 3171 Graecis
2320 3158 2330 3169 .
2406 3125 2467 3170 61

322 3226 587 3287 Appendix
621 3228 682 3276 de
716 3229 1005 3276 tralatorum
1039 3228 1099 3282 in¹
1125 3227 1477 3276 consuetudine
1511 3228 1846 3276 Romanorum
1880 3241 1973 3276 usu
2060 3263 2071 3274 .
2148 3264 2158 3274 .
2234 3263 2244 3274 .
2320 3260 2333 3275 .
2408 3228 2472 3274 66

1186 4253 1415 4264 .....
1481 4254 1510 4306 Ἃ,

1246 4329 1273 4338 ,,
1398 4309 1514 4336 &Q
