2946 4700
1443 300 1486 362 2

384 450 683 510 interdum
732 454 967 512 modum
1017 453 1370 526 transirent,
1433 456 1591 533 quod
1641 475 1716 514 ex
1761 455 1980 515 Lucilii
2028 461 2358 516 saturarum
2403 458 2545 516 reli-

389 553 548 632 quiis
583 559 645 613 et
680 554 1027 614 Horatii‘de
1063 575 1131 614 eo
1167 555 1388 615 iudicio
1427 556 1568 632 (Sat.
1606 559 1655 630 Ι,
1696 559 1799 634 10)
1838 558 2161 617 clarissime
2203 564 2466 635 apparet.

554 656 714 715 Illud
743 677 886 717 vero
941 658 1098 736 quod
1144 657 1294 716 mihi
1328 659 1697 735 propositum
1744 664 1834 720 est
1877 665 2036 719 recte
2076 665 2143 721 ut
2186 662 2542 734 absolvatur,

383 758 586 817 firmae
624 760 912 838 quaedam
945 779 1012 819 ac
1062 759 1304 819 stabiles
1338 760 1501 837 leges
1537 761 1601 820 in
1638 761 1867 822 tralatis
1900 765 2291 838 agnoscendis
2327 771 2387 824 et
2426 767 2545 825 col·

384 859 638 936 ligendis
699 864 1034 921 statuantur
1094 881 1332 922 necesse
1386 868 1499 924 est.
1609 865 1849 924 Etenim
1909 841 1974 923 in
2032 867 2259 925 tralatis
2306 867 2545 928 Graecis

384 963 772 1039 agnoscendis
808 964 1065 1040 primum
1099 964 1423 1024 videndum
1473 971 1565 1025 est
1609 987 1714 1040 ne,
1762 969 1919 1046 quod
1962 969 2364 1042 grammaticis
2409 977 2545 1030 ante

388 1064 660 1124 Grimmii
714 1071 981 1142 tempora
1038 1066 1286 1139 accidit,
1354 1069 1674 1127 formarum
1735 1069 2126 1128 similitudine
2184 1072 2415 1146 decepti
2471 1075 2544 1130 ad

389 1166 611 1228 Graeca
658 1171 727 1227 ut
785 1189 891 1228 sua
942 1170 1292 1244 referamus,
1355 1190 1507 1249 quae
1557 1192 1595 1230 a
1642 1171 1851 1248 primis
1908 1171 2273 1246 temporibus
2328 1173 2544 1251 quibus

389 1269 597 1329 Graeci
635 1274 695 1330 et
726 1270 868 1330 Itali
903 1273 1165 1331 nondum
1202 1272 1594 1332 discesserant
1625 1273 1912 1348 originem
1958 1272 2227 1348 capiunt,
2274 1294 2543 1354 quaeque

386 1371 452 1431 in
482 1376 737 1451 utraque
780 1373 988 1450 lingua
1019 1374 1323 1434 civ-itatem
1371 1375 1502 1434 iure
1534 1374 1651 1432 sibi
1683 1374 2007 1433 vindicant.
2097 1375 2383 1450 Cognatio
2430 1377 2543 1452 igi-

389 1478 486 1533 tur
547 1474 882 1549 linguarum
944 1497 1096 1554 quae
1163 1476 1380 1536 dicitur
1443 1476 1667 1555 ubique
1731 1475 2105 1552 respicienda
2171 1484 2274 1536 est.
2384 1479 2541 1536 Dum

388 1596 530 1636 vero
561 1576 714 1636 illud
746 1577 961 1638 vitium
1001 1578 1289 1654 fugimuS,
1335 1581 1663 1638 cavendum
1702 1584 1794 1638 est
1827 1598 1903 1637 ne
1945 1578 2010 1636 in
2046 1579 2404 1638 contrarium
2449 1581 2543 1638 in—

387 1678 682 1752 cidamus,
725 1686 794 1740 ut
826 1682 1030 1741 eodem
1063 1683 1236 1740 modo
1279 1701 1394 1760 quo
1428 1681 1546 1740 viri
1577 1681 1764 1754 docti,
1810 1681 1914 1761 qui
1950 1681 2014 1739 in
2054 1681 2275 1756 linguis
2310 1703 2542 1759 compa-

386 1782 588 1841 randis
622 1787 952 1855 versantur,
995 1783 1144 1842 falsa
1181 1782 1572 1842 simffitudine
1605 1782 1907 1842 interdum
1938 1785 2206 1842 frustrati
2244 1786 2315 1843 ad
2347 1789 2543 1861 etyma

387 1885 710 1944 referamus
739 1885 1099 1945 Sanscritica
1147 1905 1296 1964 quae
1331 1885 1575 1944 minime
1611 1885 1754 1944 illuc
1792 1886 2103 1944 referenda
2148 1893 2304 1946 sunt.
2392 1888 2540 1945 Nam

387 1986 439 2046 si
475 2007 650 2048 voce-s
701 1989 987 2069 quaedam
1032 1989 1278 2047 duarum
1327 1987 1663 2062 linguarum
1709 1990 1954 2047 eandem
2002 1988 2240 2066 quidem
2285 1988 2541 2064 speciem

387 2094 696 2169 externam
741 2110 882 2167 prae
938 2111 1001 2149 se
1048 2092 1277 2164 ferunt,
1336 2111 1444 2150 nec
1480 2095 1675 2151 tamen
1711 2090 1871 2150 idem
1906 2090 2245 2165 significant
2285 2110 2392 2148 nec
2438 2110 2543 2148 no-

389 2192 616 2252 tionem
647 2193 829 2252 ullam
864 2197 1168 2268 cognatam
1200 2195 1554 2267 ostendunt,
1597 2193 1825 2270 species
1860 2199 2107 2253 externa
2138 2195 2399 2252 nondum
2434 2212 2541 2268 per

388 2313 450 2354 se
485 2295 648 2356 valet
675 2297 750 2355 ad
781 2295 1073 2372 originem
1107 2315 1475 2357 communem
1506 2296 2037 2377 demonstrandam.
2108 2293 2269 2357 Quin
2301 2295 2352 2354 si
2383 2294 2542 2353 idem
2635 2335 2640 2338 .

282 2479 295 2491 χ
387 2398 490 2458 vel
528 2398 722 2459 simile
759 2399 904 2479 quid
939 2399 1308 2475 significant,
1353 2401 1426 2459 ab
1458 2420 1578 2459 una
1615 2400 1937 2477 eademque
1971 2397 2155 2474 stirpe
2190 2417 2309 2457 non
2344 2416 2542 2455 neces-

391 2500 544 2561 sario
579 2502 877 2580 profectae
908 2505 1066 2561 sunt.
1155 2502 1306 2561 Casu
1352 2501 1514 2561 enim
1546 2502 1848 2562 interdum
1881 2500 2113 2573 evenit,
2156 2505 2225 2559 ut
2258 2501 2405 2558 duae
2438 2519 2541 2558 vo-

391 2624 488 2664 ces
522 2604 651 2663 soni
698 2603 963 2663 eiusdem
995 2609 1260 2683 tempore
1306 2605 1559 2683 quodam
1596 2604 1754 2663 idem
1790 2623 2025 2683 quoque
2058 2602 2124 2661 in
2159 2604 2384 2662 duabus
2428 2602 2543 2660 lin-

392 2706 524 2781 guis
558 2707 926 2783 exprimant,
985 2711 1047 2767 at
1089 2707 1141 2766 si
1186 2707 1495 2767 historiam
1531 2706 1816 2785 cuiusque
1848 2705 2014 2766 vocis
2048 2705 2126 2778 in¹
2156 2725 2263 2764 sua
2308 2723 2541 2783 quaque

390 2809 594 2884 lingua
626 2808 1114 2888 investigaveris,
1156 2809 1322 2869 illam
1354 2809 1478 2868 vim
1512 2829 1633 2868 non
1678 2808 1976 2885 propriam
2011 2828 2045 2867 a
2079 2806 2287 2884 primis
2317 2810 2542 2881 tempo-

390 2911 554 2971 ribus
585 2910 650 2971 in
681 2932 802 2971 una
834 2911 934 2972 vel
967 2912 1152 2972 altera
1182 2912 1388 2989 lingua
1423 2912 1608 2971 fuisse
1643 2912 1935 2985 invenies,
1982 2912 2395 2971 documentum
2428 2908 2542 2983 igi-

389 3019 488 3074 tur
518 3013 913 3089 cognationis,
975 3017 1134 3094 quod
1166 3018 1238 3075 ab
1276 3021 1528 3094 utraque
1569 3021 1745 3091 ‘parte
1778 3013 2178 3094 firmissimum
2211 3013 2541 3081 videbatur,

391 3118 464 3176 ab
497 3117 684 3176 altera
717 3117 1204 3193 labefieri;,sunt
1235 3138 1413 3178 voces
1446 3120 1732 3198 quaedam
1750 3164 1765 3190 ,
1808 3122 1878 3176 ut
1922 3117 2143 3177 multae
2178 3114 2543 3174 interiectio-

390 3238 523 3292 nes,
569 3239 720 3298 quae
758 3239 1113 3300 quamquam
1147 3226 1208 3282 et
1238 3223 1428 3281 forma
1464 3225 1528 3281 et
1568 3221 1634 3281 vi
1672 3222 1919 3280 eandem
1965 3218 2222 3295 speciem
2256 3218 2321 3277 in
2356 3216 2542 3293 pluri·

389 3322 500 3381 bus
546 3321 769 3398 linguis
817 3325 1135 3399 praebent,
1193 3324 1258 3383 in
1302 3344 1660 3404 unaquaque
1696 3329 1892 3384 tamen
1942 3326 2115 3380 natae
2144 3324 2297 3379 sunt.
2385 3320 2540 3393 Ergo

390 3444 511 3484 non
556 3426 728 3486 modo
780 3426 995 3501 forma,
1051 3430 1155 3488 sed
1189 3428 1368 3500 etiam
1405 3427 1501 3487 vis
1533 3446 1743 3486 vocum
1778 3430 1840 3484 et
1872 3444 2072 3484 earum
2109 3422 2271 3481 vices
2313 3420 2377 3479 in
2423 3421 2543 3479 dis-

390 3526 785 3604 ceptationem
822 3531 1119 3589 vocandae
1153 3534 1310 3589 sunt.
1403 3528 1630 3591 Quodsi
1678 3528 1869 3586 forma
1899 3534 1960 3585 et
1990 3526 2083 3585 vis
2114 3524 2386 3584 omnibus
2420 3544 2543 3583 mo-

389 3630 482 3690 dis
515 3629 913 3703 consentiunt,
959 3631 1201 3691 terti-um
1239 3630 1500 3710 denique
1534 3629 2024 3706 perpendendum
2054 3632 2161 3699 est,
2197 3648 2272 3686 an
2303 3626 2542 3686 omnino

391 3732 523 3792 fieri
571 3732 790 3809 possit,
846 3737 922 3792 ut
972 3734 1044 3792 ad
1095 3733 1232 3794 illas
1287 3752 1381 3792 res
1436 3732 1856 3808 significandas
1904 3749 2081 3790 voces
2131 3729 2275 3790 foris
2319 3729 2542 3805 petitae

391 3834 529 3894 sint.
618 3832 919 3897 Quaedam
964 3834 1123 3894 enim
1168 3854 1263 3895 res
1308 3856 1441 3895 cum
1486 3834 1615 3894 vita
1657 3833 1866 3910 populi
1918 3832 2206 3915 cuiusque
2250 3837 2369 3889 tam
2414 3832 2540 3888 arte

391 3936 736 4011 cohaerent,
782 3942 850 3997 ut
878 3958 1013 3997 suas
1057 3957 1252 4018 neque
1287 3939 1512 3998 alienas
1539 3953 1718 3997 voces
1763 3937 1829 3996 in
1872 3937 1949 3996 iis
1981 3932 2395 4010 nuncupandis
2437 3951 2541 4008 po-

391 4037 522 4114 puli
549 4038 809 4099 habeant
837 4059 1077 4100 necesse
1112 4040 1207 4101 sit.
1294 4042 1505 4120 Neque
1534 4039 1598 4100 id
1629 4039 1748 4099 viri
1781 4039 1956 4112 docti,
2002 4038 2107 4116 qui
2139 4038 2211 4095 de
2240 4036 2335 4093 his
2365 4036 2541 4094 rebus

392 4145 671 4214 egerunt,
716 4142 860 4201 satis
892 4141 1228 4219 respexisse
1256 4142 1557 4203 videntur.
1648 4140 1877 4203 Quibus
1907 4137 2037 4200 cum
2083 4138 2275 4199 tribus
2311 4137 2543 4213 legibus

2929 620 2930 645 ᾼ
2917 438 2931 594 ,ΑἘ.-.
2924 378 2931 403 ..
2919 180 2931 331 ---A-,xx
2925 93 2931 157 ...-
