2946 4700
1446 289 1529 352 13

405 454 670 512 mentum
722 468 799 508 ex
849 449 984 507 lana
1033 448 1252 507 factum
1305 443 1588 521 ‘pileus
1608 441 1622 467 ’
1678 442 1972 503 nominari
2020 441 2319 520 potuerit?
2408 440 2564 498 ‘Pi-

405 551 597 613 leus'
649 556 853 611 contra
887 552 959 609 ab
994 550 1110 609 alio
1146 548 1462 620 vocabulo,
1510 567 1544 605 a
1577 545 1798 605 Graeco
1851 544 2113 618 (πίλωζ
2158 551 2227 605 ut
2270 549 2361 604 est
2406 545 2565 620 apud

407 655 617 727 Saalf.,
664 654 859 714 dictus
908 653 1123 712 multas
1171 651 1556 710 difficultates
1603 649 1800 707 habet.
1885 649 2036 707 Nam
2077 667 2321 727 quaeso,
2367 666 2564 706 nonne

406 757 739 816 mirandum
789 756 870 817 sit
919 753 1219 831 ‘pilum'
1253 779 1339 804 =
1374 754 1599 811 πῖλον
1630 777 1717 802 ---
1747 750 1887 810 filz
1937 770 2059 810 non
2092 751 2410 827 sumpsisse
2446 750 2566 808 Ro·

407 879 638 932 manOS,
699 859 1001 919 derivasse
1056 861 1252 916 autem
1301 875 1376 915 ex
1429 875 1498 914 eo
1548 852 1907 913 adiectivum
1927 899 1942 926 ,
2005 855 2164 933 quod
2217 873 2292 912 ne
2344 852 2564 913 Graece

411 963 651 1041 quidem
685 961 889 1023 extat?
978 957 1306 1019 ‘Hilsov’
1342 958 1501 1018 enim
1541 978 1574 1017 a
1609 956 1895 1015 Romanis
1926 957 2000 1016 ad
2033 955 2285 1015 Graecos
2329 956 2566 1015 venisse

409 1065 538 1143 ipse
569 1065 746 1124 Saalf.
788 1084 864 1124 ex
898 1063 1023 1124 Pol.
1062 1069 1161 1135 30,
1216 1066 1308 1134 16,
1356 1067 1391 1119 3
1440 1061 1629 1119 affert.
1719 1059 1917 1118 Verba
1949 1063 2146 1118 autem
2180 1059 2448 1118 derivata
2491 1060 2564 1117 ab
2629 1109 2634 1112 .

409 1169 540 1244 ipso
570 1154 746 1226 allata
782 1165 938 1225 nihil
969 1165 1129 1224 aliud
1165 1163 1283 1222 nisi
1314 1164 1489 1222 lanae
1516 1162 1679 1221 illius
1712 1181 1883 1220 usum
1913 1161 1978 1219 in
2012 1160 2258 1221 Graecia
2286 1162 2567 1240 frequen-

409 1270 623 1330 tiorem
660 1289 834 1348 quam
869 1268 936 1327 in
969 1267 1146 1326 Italia
1180 1265 1364 1325 fuisse
1402 1266 1839 1336 demonstrant,
1885 1284 2007 1323 non
2040 1265 2245 1324 valent
2280 1267 2354 1323 ad
2388 1264 2567 1339 origi·

414 1393 548 1431 nem
596 1371 919 1452 quaesitam
969 1371 1348 1447 probandam.
1439 1368 1592 1427 Mihi
1641 1366 1827 1443 igitur
1874 1365 2138 1444 ‘pilus'
2183 1366 2341 1426 idem
2387 1373 2567 1446 atque

413 1481 477 1533 ‘w
493 1476 601 1533 ἴλο
619 1472 664 1543 ς’
695 1493 772 1532 ex
804 1475 1007 1533 eadem
1039 1473 1236 1545 radice
1262 1471 1751 1547 Indogermanica
1782 1471 2022 1531 videtur
2052 1490 2179 1530 esse
2214 1475 2274 1530 et
2304 1491 2338 1529 a
2368 1468 2567 1547 ‘pilo’

413 1575 743 1654 ‘pileus'.

1366 1772 1613 1822 scutum.

415 1887 573 1946 Curt.
622 1885 878 1945 Grundz.
931 1902 1024 1942 no,
1069 1887 1217 1953 1133
1277 1882 1463 1941 Corss.
1508 1885 1751 1958 Ausspr.
1801 1884 1857 1955 Ι,
1903 1888 2056 1955 353;
2118 1882 2269 1943 Fick
2310 1883 2565 1945 sztb.

413 1991 478 2059 Ι,
524 1994 644 2047 208
713 2008 747 2046 a
800 1986 1017 2045 radico:
1048 1984 1539 2058 Indogermanica
1595 1983 1808 2043 ‘sku'
1869 1990 2068 2060 tegere
2126 1986 2190 2044 id
2250 1988 2566 2058 deducunt,

415 2092 684 2149 Momms.
733 2091 900 2147 Riim.
936 2087 1145 2147 Gesch.
1195 2088 1256 2158 Ι,
1304 2092 1426 2145 200
1476 2107 1511 2145 a
1558 2088 1778 2146 Graeco
1832 2087 2185 2157 ‘uniit-05³.
2273 2090 2568 2169 Equidem

417 2199 620 2251 contra
651 2192 914 2250 MommS.
962 2190 1109 2250 viris
1159 2188 1282 2248 illis
1317 2190 1508 2249 doctis
1559 2195 1628 2249 ut
1666 2190 1965 2250 adsentiar
2003 2196 2065 2250 et
2094 2192 2169 2249 ob
2205 2191 2458 2250 radicem
2507 2200 2568 2252 et

322 2367 325 2368 γ
416 2297 489 2354 ob
543 2294 768 2355 exitum
825 2292 996 2354 ‘um'
1030 2295 1328 2354 adducor.
1416 2292 1632 2352 Forma
1685 2292 2045 2366 ‘scutus',
2113 2315 2290 2374 quam
2336 2295 2565 2355 Nonius

414 2419 470 2474 p.
506 2404 657 2472 226,
714 2403 784 2457 13
832 2417 908 2455 ex
943 2396 1215 2473 Turpilio
1263 2396 1557 2469 servavit,
1604 2417 1737 2455 cum
1774 2398 1955 2457 semel
2001 2401 2228 2457 tantum
2265 2406 2564 2475 appareat,

414 2521 530 2560 non
578 2501 779 2575 magni
822 2500 1105 2559 momenti
1150 2504 1256 2559 est.
1352 2565 1353 2568 Ἴ

1352 2688 1607 2769 fungus.

415 2810 601 2869 Corss.
636 2811 880 2886 Ausspr.
910 2810 959 2882 Ι,
1000 2814 1113 2868 161
1152 2808 1306 2867 hanc
1337 2829 1543 2869 vocem
1575 2811 1648 2868 ad
1680 2808 1937 2869 radicem
1969 2807 2222 2869 ‘svam'
2251 2815 2566 2887 propterea

414 2918 593 2988 negat
621 2912 958 2989 pertinere,
1001 2913 1161 2991 quod
1194 2931 1271 2970 ex
1312 2909 1498 2980 ‘sva’
1531 2914 1703 2972 modo
1741 2910 1928 2971 ‘sua'
1968 2913 2066 2972 vel
2114 2910 2247 2971 ‘so'
2295 2914 2424 2973 fieri
2460 2936 2565 2991 po·

413 3017 652 3086 tuisset3
714 3035 789 3072 ex
822 3013 1268 3088 Graecoigitur
1317 3008 1679 3098 ‘omo'yygo’
1726 3020 2024 3091 sumptum
2069 3036 2196 3075 esse
2241 3020 2563 3078 contendit.

414 3119 573 3178 Ourt.
628 3135 865 3196 quoque
915 3115 1173 3175 Grundz.
1229 3135 1324 3175 no.
1367 3118 1442 3175 57
1453 3122 1487 3175 5
1544 3119 1618 3178 ob
1674 3118 1961 3178 rationem
2012 3137 2047 3177 a
2095 3119 2281 3179 Corss.
2328 3120 2564 3179 allatam

413 3222 567 3280 hanc
613 3218 970 3279 sententiam
1016 3219 1347 3295 profitetur.
1437 3219 1670 3283 Quibus
1725 3220 1874 3280 viris
1922 3221 2278 3281 doctissimis
2323 3225 2397 3283 ob
2440 3224 2564 3282 vim

412 3323 688 3384 vocabuli
719 3341 840 3382 non
870 3322 1308 3381 assentiendum
1343 3327 1506 3399 puto,
1596 3322 1914 3383 Videamus
1948 3323 2126 3396 enim,
2171 3324 2316 3403 quid
2349 3326 2565 3400 fungus

412 3426 725 3500 significet.
816 3423 1110 3487 Quattuor
1156 3431 1298 3485 sunt
1333 3425 1449 3485 loci
1482 3425 1749 3484 Plautini
1784 3425 1849 3484 in
1901 3426 2118 3506 quibus
2153 3431 2347 3499 extat,
2393 3428 2565 3507 quin-

415 3533 540 3586 tum
572 3530 738 3600 adde,
779 3527 884 3586 ubi
916 3528 1277 3588 adiectivum
1311 3529 1371 3587 ‘f
1380 3528 1746 3603 unginus’
1785 3533 1898 3601 est;
1943 3530 2101 3605 apud
2133 3528 2279 3588 alios
2312 3529 2565 3606 scripto-

415 3646 508 3687 res
553 3649 742 3709 usque
788 3631 863 3690 ad
913 3630 1133 3691 Lucilii
1179 3636 1446 3709 tempora
1498 3651 1620 3691 non
1665 3631 1991 3691 invenitur.
2094 3630 2387 3694 Quattuor
2428 3633 2564 3703 loci,

415 3730 518 3789 ubi
571 3731 816 3792 Plautus
875 3733 1249 3794 substantivo
1309 3734 1501 3794 utitur
1564 3734 1629 3792 hi
1692 3738 1869 3794 sunt:
1955 3735 2163 3794 Bacch.
2212 3740 2369 3807 283,
2419 3740 2560 3809 821,

422 3839 581 3893 1088
595 3856 612 3908 ;
656 3834 837 3895 Stich.
876 3836 1026 3909 7733
1075 3836 1338 3916 quintus,
1384 3836 1489 3895 ubi
1523 3836 1816 3897 adiectivo
1853 3836 2017 3895 Trin.
2053 3841 2191 3896 851.
2278 3836 2564 3898 Substan-

413 3937 603 3999 tivum
636 3938 847 3999 Bacch.
884 3944 1034 4012 821,
1079 3939 1262 3998 Stich.
1301 3940 1421 3999 773
1468 3939 1707 4015 proprie
1753 3939 2102 4012 adhibetur,
2160 3939 2370 4000 Bacch.
2418 3946 2562 4014 283,

422 4046 581 4101 1088
626 4062 804 4102 sensu
851 4042 1164 4113 translat0‚
1222 4047 1289 4100 ut
1332 4039 1669 4115 ‘fungus'
1718 4041 1798 4101 sit
1844 4039 2207 4101 ‘stultus'.
2297 4043 2562 4103 Adiecti-

412 4165 552 4207 vum
584 4145 825 4224 proprie
860 4144 1094 4205 dicitur.
1183 4146 1366 4206 Estne
1400 4144 1585 4221 igitur
1619 4163 1738 4204 vox
1771 4142 2011 4223 proprio
2045 4163 2221 4204 sensu
2256 4165 2290 4204 a
2322 4143 2563 4209 Graecis
