2946 4700
178 4099 189 4140 *u-

144 4463 155 4480 *
152 4151 190 4432 “w-Q...

1436 288 1519 352 15

402 466 577 525 quam
610 445 795 521 igitur
828 445 1085 504 radicem
1114 443 1661 518 Indogermanioam
1689 434 2006 502 ostendere
2043 462 2161 501 non
2193 462 2449 518 possum,
2494 448 2557 501 et

401 547 685 607 ‘eieous'
719 554 778 608 et
812 547 903 606 ‘nl
921 545 1112 617 κκος’
1146 568 1221 605 ex
1254 546 1549 606 communi
1584 546 1747 605 fonte
1783 564 2046 605 manasse
2075 543 2224 602 mihi
2256 543 2550 604 videntur.

1391 733 1564 813 salt.

404 855 548 913 Cum
602 848 776 927 ’φάλ
797 875 883 929 κη
903 850 957 923 ς’
1012 853 1367 912 Graecorum
1419 852 1580 910 aliud
1643 850 1784 931 quid
1847 851 1946 927 (of.
2000 850 2148 908 Poll.
2194 850 2257 921 Ι,
2309 856 2419 919 85,
2474 856 2549 907 86

401 951 504 1016 “td
540 958 609 1040 τῇ
644 955 841 1037 στείρᾳ
873 950 1416 1031 προσηλούμενον”)
1463 974 1636 1032 quam
1674 955 1736 1011 ‘f
1745 950 1900 1010 alx'
1937 953 2335 1013 Romanorum
2370 952 2555 1025 signi·

402 1061 570 1130 ficet,
615 1058 826 1130 Saalf.‚
873 1058 974 1137 qui
1008 1058 1129 1119 ind.
1166 1078 1222 1133 p.
1261 1063 1338 1115 38
1380 1056 1652 1115 Latinam
1685 1075 1889 1114 vocem
1928 1054 2199 1113 tralatam
2236 1054 2554 1127 existimat,

402 1162 825 1238 improbandus
869 1165 975 1220 est.

1379 1311 1561 1389 βόες.

404 1432 669 1490 Momms.
720 1434 887 1494 Rom.
942 1433 1147 1493 Gesoh.
1197 1434 1258 1504 Ι,
1314 1438 1434 1490 229
1494 1434 1569 1489 de
1626 1430 1939 1489 tralatione
1996 1429 2254 1504 cogitare
2298 1429 2552 1490 videtur.

401 1533 575 1594 Saalf.
613 1555 815 1594 vocem
851 1536 1025 1594 affert
1057 1537 1177 1613 ind.
1211 1555 1267 1610 p.
1295 1540 1393 1593 38.
1469 1533 1623 1590 Mihi
1660 1532 1898 1611 quidem
1932 1551 2062 1589 eum
2101 1531 2259 1591 Curt.
2294 1532 2548 1590 Grundz.

402 1656 494 1694 n0.
530 1638 651 1694 297
705 1641 765 1695 et
816 1657 873 1713 p.
913 1642 1031 1694 690
1079 1656 1174 1695 res
1228 1635 1400 1694 aliter
1440 1655 1568 1694 sese
1615 1637 1834 1693 habere
1888 1634 2141 1693 videtur.
2235 1634 2324 1691 De
2369 1635 2556 1693 forma

402 1739 561 1797 Curt.
600 1738 781 1810 dixit3
831 1740 903 1797 de
940 1738 1004 1797 vi
1037 1740 1265 1811 addam,
1311 1738 1362 1796 si
1394 1758 1630 1796 sensum
1666 1736 1970 1813 proprium
2007 1737 2169 1795 vocis
2205 1740 2554 1812 spectamus,

401 1841 578 1899 talem
635 1862 760 1900 rem
824 1862 1070 1918 peregre
1131 1862 1250 1900 non
1313 1841 1437 1917 peti
1499 1841 1876 1917 perspicuum
1939 1859 2082 1899 esse.
2186 1839 2336 1897 Nam
2397 1841 2555 1917 quod

402 1944 666 2002 MommS.
703 1965 760 2020 p.
800 1950 919 2001 229
962 1944 1109 2003 dicit
1155 1943 1305 2016 „Die
1355 1943 1725 2019 grieehisehe
1766 1941 2186 2015 siebensaitige
2224 1940 2410 2016 Lyra,
2457 1941 2553 1998 die

310 2091 314 2095 ⁴
399 2044 601 2102 Saiten
641 2047 813 2121 (fides
844 2066 900 2105 v.
937 2044 1120 2120 σφίδη
1154 2045 1365 2116 Darm;
1411 2045 1563 2103 auch
1599 2045 1867 2103 barbitus
1908 2036 2216 2120 βάρβιτος)
2259 2042 2339 2101 ist
2370 2042 2554 2112 nieht,

402 2144 516 2202 wie
561 2144 658 2201 die
704 2145 900 2215 Flote,
945 2145 1009 2202 in
1045 2144 1279 2204 Latium
1335 2144 1725 2203 einheimiseh
1775 2146 1897 2202 und
1948 2145 2053 2203 hat
2097 2146 2233 2202 dort
2275 2148 2422 2202 stets
2467 2144 2554 2202 als

400 2245 924 2325 fremdliindisohes
973 2247 1339 2306 Instrument
1388 2244 1697 2322 gegolten''
1750 2249 1825 2305 ad
1873 2245 2319 2305 translationem
2364 2246 2553 2324 ipsius

402 2348 565 2409 vocis
598 2352 1107 2414 demonstrandam
1160 2371 1280 2409 non
1331 2349 1475 2410 satis
1525 2348 1702 2410 valet.
1788 2348 1953 2408 Fieri
2001 2348 2159 2409 enim
2203 2344 2426 2428 potuit,
2487 2357 2554 2410 ut

402 2452 655 2511 Romani
706 2473 989 2528 organum
1031 2453 1184 2512 illud
1232 2474 1265 2511 a
1304 2452 1543 2513 Graecis
1595 2453 1835 2534 quidem
1884 2457 2188 2530 peterent,
2246 2453 2552 2530 proprium

402 2559 597 2612 tamen
648 2557 1030 2629 vocabulum,
1100 2576 1455 2635 quamquam
1519 2576 1596 2616 ex
1655 2558 1860 2615 eadem
1920 2558 2074 2615 forte
2119 2556 2317 2615 radice
2378 2577 2552 2635 quam

403 2655 705 2729 Graecum,
750 2658 1115 2718 adhiberent.
1205 2658 1354 2717 Nam
1388 2678 1670 2733 organum
1703 2658 1854 2717 illud
1889 2677 1965 2716 ex
2001 2658 2217 2716 fidibus
2250 2678 2381 2716 cum
2415 2678 2553 2717 eou-

400 2762 598 2832 staret‚
645 2760 789 2838 quid
818 2761 1005 2836 magis
1042 2764 1502 2820 consentaneum
1539 2767 1666 2819 erat
1703 2780 1876 2838 quam
1908 2759 2101 2834 patrio
2135 2758 2373 2818 nomine
2419 2760 2552 2818 ‘fi-

402 2861 562 2920 des'
605 2882 728 2932 rem
765 2861 1110 2921 nominare?
1198 2862 1426 2921 Barbiti
1472 2866 1678 2920 eontra
1719 2860 1838 2918 alia
1874 2865 1965 2919 est
1999 2859 2180 2933 ratio,
2226 2880 2356 2918 eum
2392 2861 2547 2921 nihil

400 2963 517 3020 nisi
561 2963 755 3039 ipsum
798 2963 1259 3022 instrumentum
1302 2962 1546 3022 indicet.

1357 3116 1579 3195 funda.

400 3235 586 3299 Corss.
625 3240 868 3313 Ausspr.
903 3238 965 3309 I,
1003 3240 1119 3296 160
1158 3225 1293 3297 ann.
1330 3241 1391 3297 et
1425 3257 1483 3315 p.
1524 3241 1641 3295 168
1680 3256 1815 3297 ann.
1852 3255 2056 3296 vocem
2090 3256 2166 3296 ex
2199 3239 2551 3312 ‘emenda’

398 3340 665 3399 tralatam
702 3345 931 3412 censet,
992 3340 1086 3398 eui
1120 3340 1296 3400 Saalf.
1331 3341 1454 3399 ind.
1500 3361 1558 3416 p.
1596 3345 1673 3398 39
1720 3341 1985 3400 assentit.
2073 3341 2366 3420 Equidem
2413 3363 2546 3402 cum

400 3441 556 3501 Curt.
592 3441 849 3501 Grundz.
904 3462 997 3502 n0.
1033 3449 1152 3501 296
1203 3447 1265 3502 et
1310 3464 1366 3520 p.
1403 3448 1555 3516 494,
1603 3448 1725 3501 690
1773 3437 1963 3502 aliter¹
1991 3443 2202 3503 sentio.
2289 3445 2545 3504 Romani

400 3543 587 3615 enim,
633 3545 684 3602 si
717 3545 1058 3621 complexus
1089 3545 1265 3604 ‘ssu'
1312 3545 1552 3605 auribus
1585 3545 1967 3621 displicebat,
2015 3546 2187 3605 facile
2229 3544 2424 3622 ‘spo'
2470 3568 2548 3605 ex

399 3664 467 3703 eo
500 3646 656 3704 faeto
694 3651 802 3722 ‘sp
822 3646 1056 3721 onda',
1103 3651 1261 3726 quod
1295 3649 1472 3726 plane
1504 3648 1783 3708 Latinum
1819 3654 2006 3720 sonat,
2050 3648 2359 3708 dixissent.
2431 3650 2547 3707 Ta-

397 3748 472 3806 lis
505 3747 753 3807 mutatio
785 3749 914 3808 veri
945 3749 1195 3810 similior
1224 3751 1370 3810 mihi
1402 3752 1641 3811 videtur
1676 3771 1851 3830 quam
1883 3752 1941 3809 ‘f
1950 3772 1987 3809 u
2003 3749 2167 3831 nda'
2200 3749 2263 3810 ‘s'
2298 3752 2545 3812 abieoto.

1341 3906 1595 3981 lympha.

396 4022 574 4083 Saalf.
632 4023 755 4114 ind.
817 4044 872 4100 p.
917 4029 993 4082 49
1047 4042 1179 4084 eum
1226 4024 1492 4083 Momms.
1539 4023 1795 4084 Unterit.
1842 4023 1996 4082 Dial.
2043 4043 2100 4101 p.
2144 4030 2264 4088 256
2324 4027 2547 4105 ‘lym-

398 4125 641 4200 pham'
673 4133 734 4187 et
766 4120 1121 4205 ‘viiptpnv’
1156 4128 1309 4188 idem
1340 4147 1468 4187 esse
1499 4126 1818 4187 existimat.
1912 4127 2104 4187 Affert
2137 4149 2375 4209 quoque
2396 4130 2545 4190 Var-
