<?xml version="1.0" encoding="UTF-8"?>
<!DOCTYPE html PUBLIC "-//W3C//DTD XHTML 1.0 Transitional//EN"
    "http://www.w3.org/TR/xhtml1/DTD/xhtml1-transitional.dtd">
<html xmlns="http://www.w3.org/1999/xhtml" xml:lang="en" lang="en">
 <head>
  <title>
</title>
<meta http-equiv="Content-Type" content="text/html;charset=utf-8" />
  <meta name='ocr-system' content='tesseract 3.04.00' />
  <meta name='ocr-capabilities' content='ocr_page ocr_carea ocr_par ocr_line ocrx_word'/>
</head>
<body>
  <div class='ocr_page' id='page_1' title='image "./devocabulisgrae00tuchgoog_0038.png"; bbox 0 0 2946 4700; ppageno 0'>
   <div class='ocr_carea' id='block_1_1' title="bbox 1417 302 1501 370">
    <p class='ocr_par' dir='ltr' id='par_1_1' title="bbox 1417 302 1501 370">
     <span class='ocr_line' id='line_1_1' title="bbox 1417 302 1501 370; baseline 0.024 -2"><span class='ocrx_word' id='word_1_1' title='bbox 1417 302 1501 370; x_wconf 83' lang='lat'>28</span> 
     </span>
    </p>
   </div>
   <div class='ocr_carea' id='block_1_2' title="bbox 1272 534 1644 614">
    <p class='ocr_par' dir='ltr' id='par_1_2' title="bbox 1272 534 1644 614">
     <span class='ocr_line' id='line_1_2' title="bbox 1272 534 1644 614; baseline 0.008 -3"><span class='ocrx_word' id='word_1_2' title='bbox 1272 534 1371 611; x_wconf 84' lang='lat' dir='ltr'>Ex</span> <span class='ocrx_word' id='word_1_3' title='bbox 1411 535 1644 614; x_wconf 85' lang='lat' dir='ltr'>Plauto</span> 
     </span>
    </p>
   </div>
   <div class='ocr_carea' id='block_1_3' title="bbox 382 661 2530 1151">
    <p class='ocr_par' dir='ltr' id='par_1_3' title="bbox 382 661 2530 1151">
     <span class='ocr_line' id='line_1_3' title="bbox 384 661 2152 741; baseline 0.001 -17"><span class='ocrx_word' id='word_1_4' title='bbox 384 667 565 724; x_wconf 72' lang='lat' dir='ltr'>&#39;Prin-</span> <span class='ocrx_word' id='word_1_5' title='bbox 651 662 1056 723; x_wconf 84' lang='lat' dir='ltr'>aethereus</span> <span class='ocrx_word' id='word_1_6' title='bbox 1084 661 1139 738; x_wconf 90' lang='lat'>1)</span> <span class='ocrx_word' id='word_1_7' title='bbox 1189 667 1341 733; x_wconf 82' lang='grc' dir='ltr'><strong>82ος</strong></span> <span class='ocrx_word' id='word_1_8' title='bbox 1389 663 1645 725; x_wconf 88' lang='lat' dir='ltr'>hercle</span> <span class='ocrx_word' id='word_1_9' title='bbox 1668 663 1731 741; x_wconf 67' lang='grc'>2)</span> <span class='ocrx_word' id='word_1_10' title='bbox 1777 668 1919 738; x_wconf 82' lang='grc'><strong>885,</strong></span> <span class='ocrx_word' id='word_1_11' title='bbox 1970 669 2152 725; x_wconf 83' lang='grc'><strong>1023.</strong></span> 
     </span>
     <span class='ocr_line' id='line_1_4' title="bbox 384 763 2530 847; baseline 0.001 -21"><span class='ocrx_word' id='word_1_12' title='bbox 384 769 529 826; x_wconf 77' lang='lat' dir='ltr'>ml.</span> <span class='ocrx_word' id='word_1_13' title='bbox 614 763 1362 842; x_wconf 81' lang='lat' dir='ltr'>cryphiolatronia³)</span> <span class='ocrx_word' id='word_1_14' title='bbox 1401 770 1514 837; x_wconf 81' lang='lat'>43;</span> <span class='ocrx_word' id='word_1_15' title='bbox 1557 765 1810 827; x_wconf 87' lang='lat' dir='ltr'>hercle</span> <span class='ocrx_word' id='word_1_16' title='bbox 1836 768 1895 845; x_wconf 80' lang='lat'>⁴)</span> <span class='ocrx_word' id='word_1_17' title='bbox 1935 769 2087 840; x_wconf 78' lang='lat'>8783</span> <span class='ocrx_word' id='word_1_18' title='bbox 2131 769 2530 847; x_wconf 78' lang='lat' dir='ltr'>hereuta5)</span> 
     </span>
     <span class='ocr_line' id='line_1_5' title="bbox 614 864 2097 945; baseline 0.003 -20"><span class='ocrx_word' id='word_1_19' title='bbox 614 867 766 940; x_wconf 76' lang='lat'>2173</span> <span class='ocrx_word' id='word_1_20' title='bbox 811 864 1023 944; x_wconf 66' lang='lat' dir='ltr'>polss)</span> <span class='ocrx_word' id='word_1_21' title='bbox 1069 872 1211 940; x_wconf 87' lang='lat'><strong>290,</strong></span> <span class='ocrx_word' id='word_1_22' title='bbox 1259 871 1401 942; x_wconf 82' lang='lat'><strong>656,</strong></span> <span class='ocrx_word' id='word_1_23' title='bbox 1456 873 1650 941; x_wconf 82' lang='lat'><strong>1064;</strong></span> <span class='ocrx_word' id='word_1_24' title='bbox 1696 870 1868 945; x_wconf 64' lang='grc' dir='ltr'>ουτ)</span> <span class='ocrx_word' id='word_1_25' title='bbox 1918 873 2097 930; x_wconf 81' lang='lat'>1163.</span> 
     </span>
     <span class='ocr_line' id='line_1_6' title="bbox 382 967 2527 1051; baseline 0 -20"><span class='ocrx_word' id='word_1_26' title='bbox 382 974 627 1032; x_wconf 79' lang='lat' dir='ltr'>Bacch.</span> <span class='ocrx_word' id='word_1_27' title='bbox 713 967 919 1047; x_wconf 65' lang='lat' dir='ltr'>polss)</span> <span class='ocrx_word' id='word_1_28' title='bbox 969 972 1123 1040; x_wconf 79' lang='lat'><strong>5583</strong></span> <span class='ocrx_word' id='word_1_29' title='bbox 1170 969 1442 1046; x_wconf 84' lang='lat' dir='ltr'>edepol</span> <span class='ocrx_word' id='word_1_30' title='bbox 1495 974 1690 1042; x_wconf 88' lang='lat'>1100;</span> <span class='ocrx_word' id='word_1_31' title='bbox 1736 969 1890 1047; x_wconf 83' lang='lat' dir='ltr'>logi</span> <span class='ocrx_word' id='word_1_32' title='bbox 1915 971 1973 1049; x_wconf 77' lang='grc'>9)</span> <span class='ocrx_word' id='word_1_33' title='bbox 2022 976 2178 1045; x_wconf 77' lang='lat'>5193</span> <span class='ocrx_word' id='word_1_34' title='bbox 2224 972 2527 1051; x_wconf 83' lang='lat' dir='ltr'>euge¹⁰)</span> 
     </span>
     <span class='ocr_line' id='line_1_7' title="bbox 715 1072 1712 1151; baseline 0.003 -21"><span class='ocrx_word' id='word_1_35' title='bbox 715 1072 856 1145; x_wconf 87' lang='grc'><strong>760,</strong></span> <span class='ocrx_word' id='word_1_36' title='bbox 903 1072 1058 1145; x_wconf 85' lang='grc'><strong>979;</strong></span> <span class='ocrx_word' id='word_1_37' title='bbox 1103 1072 1478 1151; x_wconf 72' lang='lat' dir='ltr'>morusll)</span> <span class='ocrx_word' id='word_1_38' title='bbox 1534 1076 1712 1133; x_wconf 89' lang='grc'><strong>1089.</strong></span> 
     </span>
    </p>
   </div>
   <div class='ocr_carea' id='block_1_4' title="bbox 387 1190 789 1200">
    <p class='ocr_par' dir='ltr' id='par_1_4' title="bbox 387 1190 789 1200">
     <span class='ocr_line' id='line_1_8' title="bbox 387 1190 789 1200; baseline 0 3500"><span class='ocrx_word' id='word_1_39' title='bbox 387 1190 789 1200; x_wconf 95' lang='lat' dir='ltr'> </span> 
     </span>
    </p>
   </div>
   <div class='ocr_carea' id='block_1_5' title="bbox 342 1256 2593 4235">
    <p class='ocr_par' dir='ltr' id='par_1_5' title="bbox 452 1256 2275 1320">
     <span class='ocr_line' id='line_1_9' title="bbox 452 1256 2275 1320; baseline 0.001 -15"><span class='ocrx_word' id='word_1_40' title='bbox 452 1258 688 1307; x_wconf 87' lang='lat' dir='ltr'>Veterum</span> <span class='ocrx_word' id='word_1_41' title='bbox 720 1256 1067 1305; x_wconf 84' lang='lat' dir='ltr'>historicorum</span> <span class='ocrx_word' id='word_1_42' title='bbox 1100 1257 1433 1305; x_wconf 84' lang='lat' dir='ltr'>Romanorum</span> <span class='ocrx_word' id='word_1_43' title='bbox 1469 1257 1706 1318; x_wconf 78' lang='lat' dir='ltr'><strong>reliquiae</strong></span> <span class='ocrx_word' id='word_1_44' title='bbox 1741 1259 1985 1320; x_wconf 83' lang='lat' dir='ltr'>disposuit</span> <span class='ocrx_word' id='word_1_45' title='bbox 2018 1261 2082 1307; x_wconf 88' lang='grc' dir='ltr'>Η.</span> <span class='ocrx_word' id='word_1_46' title='bbox 2116 1261 2275 1309; x_wconf 88' lang='lat' dir='ltr'>Peter.</span> 
     </span>
    </p>

    <p class='ocr_par' dir='ltr' id='par_1_6' title="bbox 452 1343 1952 1406">
     <span class='ocr_line' id='line_1_10' title="bbox 452 1343 1952 1406; baseline 0.001 -15"><span class='ocrx_word' id='word_1_47' title='bbox 452 1343 716 1392; x_wconf 84' lang='lat' dir='ltr'>Oratorum</span> <span class='ocrx_word' id='word_1_48' title='bbox 750 1344 1084 1391; x_wconf 86' lang='lat' dir='ltr'>Romanorum</span> <span class='ocrx_word' id='word_1_49' title='bbox 1117 1343 1393 1404; x_wconf 78' lang='lat' dir='ltr'>fragmenta</span> <span class='ocrx_word' id='word_1_50' title='bbox 1428 1344 1629 1406; x_wconf 77' lang='lat' dir='ltr'><strong>collegit</strong></span> <span class='ocrx_word' id='word_1_51' title='bbox 1662 1345 1728 1392; x_wconf 88' lang='lat' dir='ltr'>H.</span> <span class='ocrx_word' id='word_1_52' title='bbox 1764 1346 1952 1406; x_wconf 76' lang='lat' dir='ltr'>Meyer.</span> 
     </span>
    </p>

    <p class='ocr_par' dir='ltr' id='par_1_7' title="bbox 453 1428 2390 1491">
     <span class='ocr_line' id='line_1_11' title="bbox 453 1428 2390 1491; baseline 0.001 -14"><span class='ocrx_word' id='word_1_53' title='bbox 453 1429 655 1478; x_wconf 80' lang='lat' dir='ltr'>Catonis</span> <span class='ocrx_word' id='word_1_54' title='bbox 690 1433 886 1491; x_wconf 87' lang='lat' dir='ltr'>praeter</span> <span class='ocrx_word' id='word_1_55' title='bbox 917 1428 1098 1476; x_wconf 87' lang='lat' dir='ltr'>librum</span> <span class='ocrx_word' id='word_1_56' title='bbox 1132 1429 1193 1476; x_wconf 91' lang='lat' dir='ltr'>de</span> <span class='ocrx_word' id='word_1_57' title='bbox 1226 1429 1300 1477; x_wconf 82' lang='lat' dir='ltr'>Re</span> <span class='ocrx_word' id='word_1_58' title='bbox 1334 1429 1538 1477; x_wconf 82' lang='lat' dir='ltr'>Rustica</span> <span class='ocrx_word' id='word_1_59' title='bbox 1572 1445 1698 1490; x_wconf 87' lang='lat' dir='ltr'>quae</span> <span class='ocrx_word' id='word_1_60' title='bbox 1734 1435 1904 1480; x_wconf 82' lang='lat' dir='ltr'>extant</span> <span class='ocrx_word' id='word_1_61' title='bbox 1943 1445 2040 1479; x_wconf 87' lang='lat' dir='ltr'>rec.</span> <span class='ocrx_word' id='word_1_62' title='bbox 2076 1432 2139 1478; x_wconf 84' lang='grc' dir='ltr'>Η.</span> <span class='ocrx_word' id='word_1_63' title='bbox 2176 1431 2390 1480; x_wconf 84' lang='lat' dir='ltr'>Jordan.</span> 
     </span>
    </p>

    <p class='ocr_par' dir='ltr' id='par_1_8' title="bbox 384 1515 2552 1919">
     <span class='ocr_line' id='line_1_12' title="bbox 545 1515 1652 1577; baseline 0.001 -12"><span class='ocrx_word' id='word_1_64' title='bbox 545 1552 576 1577; x_wconf 88' lang='lat'>„</span> <span class='ocrx_word' id='word_1_65' title='bbox 692 1518 753 1565; x_wconf 91' lang='lat' dir='ltr'>de</span> <span class='ocrx_word' id='word_1_66' title='bbox 787 1517 862 1564; x_wconf 84' lang='lat' dir='ltr'>Re</span> <span class='ocrx_word' id='word_1_67' title='bbox 895 1516 1099 1564; x_wconf 82' lang='lat' dir='ltr'>Rustica</span> <span class='ocrx_word' id='word_1_68' title='bbox 1132 1516 1242 1564; x_wconf 87' lang='lat' dir='ltr'>edd.</span> <span class='ocrx_word' id='word_1_69' title='bbox 1281 1518 1331 1564; x_wconf 79' lang='lat' dir='ltr'>J.</span> <span class='ocrx_word' id='word_1_70' title='bbox 1369 1515 1652 1567; x_wconf 75' lang='lat' dir='ltr'>Schneider.</span> 
     </span>
     <span class='ocr_line' id='line_1_13' title="bbox 384 1602 2527 1664; baseline 0 -15"><span class='ocrx_word' id='word_1_71' title='bbox 384 1602 612 1651; x_wconf 79' lang='lat' dir='ltr'>varietas</span> <span class='ocrx_word' id='word_1_72' title='bbox 655 1603 925 1651; x_wconf 83' lang='lat' dir='ltr'>editionum</span> <span class='ocrx_word' id='word_1_73' title='bbox 969 1602 1021 1650; x_wconf 86' lang='lat' dir='ltr'>iu</span> <span class='ocrx_word' id='word_1_74' title='bbox 1053 1602 1232 1650; x_wconf 84' lang='lat' dir='ltr'>Plauto</span> <span class='ocrx_word' id='word_1_75' title='bbox 1278 1603 1609 1651; x_wconf 83' lang='lat' dir='ltr'>adhibitamm</span> <span class='ocrx_word' id='word_1_76' title='bbox 1656 1618 1714 1652; x_wconf 91' lang='lat' dir='ltr'>eo</span> <span class='ocrx_word' id='word_1_77' title='bbox 1765 1608 2053 1663; x_wconf 79' lang='lat' dir='ltr'>excusetur,</span> <span class='ocrx_word' id='word_1_78' title='bbox 2109 1603 2239 1664; x_wconf 89' lang='lat' dir='ltr'>quod</span> <span class='ocrx_word' id='word_1_79' title='bbox 2271 1602 2527 1652; x_wconf 82' lang='lat' dir='ltr'>Ritschelii</span> 
     </span>
     <span class='ocr_line' id='line_1_14' title="bbox 385 1687 2525 1752; baseline -0.001 -15"><span class='ocrx_word' id='word_1_80' title='bbox 385 1690 473 1737; x_wconf 87' lang='lat' dir='ltr'>illa</span> <span class='ocrx_word' id='word_1_81' title='bbox 521 1689 738 1738; x_wconf 86' lang='lat' dir='ltr'>nondum</span> <span class='ocrx_word' id='word_1_82' title='bbox 786 1687 1006 1749; x_wconf 81' lang='lat' dir='ltr'>perfecta</span> <span class='ocrx_word' id='word_1_83' title='bbox 1040 1693 1142 1749; x_wconf 81' lang='lat' dir='ltr'>est3</span> <span class='ocrx_word' id='word_1_84' title='bbox 1200 1692 1425 1736; x_wconf 86' lang='lat' dir='ltr'>veterum</span> <span class='ocrx_word' id='word_1_85' title='bbox 1460 1703 1610 1738; x_wconf 82' lang='lat' dir='ltr'>unam</span> <span class='ocrx_word' id='word_1_86' title='bbox 1643 1690 1870 1749; x_wconf 82' lang='lat' dir='ltr'>quamvis</span> <span class='ocrx_word' id='word_1_87' title='bbox 1905 1691 2235 1752; x_wconf 83' lang='lat' dir='ltr'>perfectarum</span> <span class='ocrx_word' id='word_1_88' title='bbox 2269 1703 2357 1736; x_wconf 84' lang='lat' dir='ltr'>cur</span> <span class='ocrx_word' id='word_1_89' title='bbox 2390 1689 2525 1736; x_wconf 87' lang='lat' dir='ltr'>adhi-</span> 
     </span>
     <span class='ocr_line' id='line_1_15' title="bbox 387 1757 2552 1836; baseline 0 -14"><span class='ocrx_word' id='word_1_90' title='bbox 387 1774 503 1822; x_wconf 86' lang='lat' dir='ltr'>bere</span> <span class='ocrx_word' id='word_1_91' title='bbox 535 1774 793 1833; x_wconf 79' lang='lat' dir='ltr'>noluerim,</span> <span class='ocrx_word' id='word_1_92' title='bbox 828 1773 1014 1834; x_wconf 86' lang='lat' dir='ltr'>peritos</span> <span class='ocrx_word' id='word_1_93' title='bbox 1046 1788 1145 1821; x_wconf 89' lang='lat' dir='ltr'>non</span> <span class='ocrx_word' id='word_1_94' title='bbox 1168 1773 1309 1834; x_wconf 77' lang='lat' dir='ltr'>fugit.</span> <span class='ocrx_word' id='word_1_95' title='bbox 1380 1774 1603 1825; x_wconf 84' lang='lat' dir='ltr'>Benoisti</span> <span class='ocrx_word' id='word_1_96' title='bbox 1637 1775 1876 1824; x_wconf 79' lang='lat' dir='ltr'>editiones</span> <span class='ocrx_word' id='word_1_97' title='bbox 1911 1776 2220 1836; x_wconf 79' lang='lat' dir='ltr'>singularum</span> <span class='ocrx_word' id='word_1_98' title='bbox 2251 1757 2552 1823; x_wconf 28' lang='lat' dir='ltr'>fabularum‘</span> 
     </span>
     <span class='ocr_line' id='line_1_16' title="bbox 387 1857 925 1919; baseline -0.007 -11"><span class='ocrx_word' id='word_1_99' title='bbox 387 1859 604 1909; x_wconf 87' lang='lat' dir='ltr'>nancisci</span> <span class='ocrx_word' id='word_1_100' title='bbox 638 1872 737 1907; x_wconf 89' lang='lat' dir='ltr'>non</span> <span class='ocrx_word' id='word_1_101' title='bbox 771 1857 925 1919; x_wconf 89' lang='lat' dir='ltr'>potui.</span> 
     </span>
    </p>

    <p class='ocr_par' dir='ltr' id='par_1_9' title="bbox 384 1943 2531 2252">
     <span class='ocr_line' id='line_1_17' title="bbox 523 1943 2531 2006; baseline 0.001 -14"><span class='ocrx_word' id='word_1_102' title='bbox 523 1947 576 2006; x_wconf 90' lang='lat'>1)</span> <span class='ocrx_word' id='word_1_103' title='bbox 611 1944 960 1992; x_wconf 86' lang='lat' dir='ltr'>aethereus</span> <span class='ocrx_word' id='word_1_104' title='bbox 994 1943 1052 1990; x_wconf 80' lang='lat' dir='ltr'>R.</span> <span class='ocrx_word' id='word_1_105' title='bbox 1090 1947 1140 1990; x_wconf 88' lang='lat' dir='ltr'>et</span> <span class='ocrx_word' id='word_1_106' title='bbox 1175 1944 1359 1992; x_wconf 87' lang='lat' dir='ltr'>nerei</span> <span class='ocrx_word' id='word_1_107' title='bbox 1393 1943 1526 1993; x_wconf 83' lang='lat' dir='ltr'><strong>libri.</strong></span> <span class='ocrx_word' id='word_1_108' title='bbox 1595 1945 1837 2004; x_wconf 85' lang='lat' dir='ltr'>Equidem</span> <span class='ocrx_word' id='word_1_109' title='bbox 1873 1945 2175 1993; x_wconf 81' lang='lat' dir='ltr'>neutrumin</span> <span class='ocrx_word' id='word_1_110' title='bbox 2200 1960 2364 1994; x_wconf 87' lang='lat' dir='ltr'>meum</span> <span class='ocrx_word' id='word_1_111' title='bbox 2387 1961 2531 1994; x_wconf 87' lang='lat' dir='ltr'>usum</span> 
     </span>
     <span class='ocr_line' id='line_1_18' title="bbox 385 2019 2531 2091; baseline -0.001 -10"><span class='ocrx_word' id='word_1_112' title='bbox 385 2032 625 2090; x_wconf 83' lang='lat' dir='ltr'>converti,</span> <span class='ocrx_word' id='word_1_113' title='bbox 660 2044 771 2079; x_wconf 89' lang='lat' dir='ltr'>cum</span> <span class='ocrx_word' id='word_1_114' title='bbox 805 2031 966 2077; x_wconf 89' lang='lat' dir='ltr'>locum</span> <span class='ocrx_word' id='word_1_115' title='bbox 1000 2029 1148 2077; x_wconf 85' lang='lat' dir='ltr'>valde</span> <span class='ocrx_word' id='word_1_116' title='bbox 1181 2035 1466 2091; x_wconf 86' lang='lat' dir='ltr'>corruptum</span> <span class='ocrx_word' id='word_1_117' title='bbox 1499 2030 1725 2079; x_wconf 80' lang='lat' dir='ltr'>habeam.</span> <span class='ocrx_word' id='word_1_118' title='bbox 1797 2019 2028 2079; x_wconf 76' lang='lat' dir='ltr'>Ceterum</span> <span class='ocrx_word' id='word_1_119' title='bbox 2060 2030 2270 2079; x_wconf 87' lang='lat' dir='ltr'>lectione</span> <span class='ocrx_word' id='word_1_120' title='bbox 2307 2033 2393 2079; x_wconf 87' lang='lat' dir='ltr'>‘et</span> <span class='ocrx_word' id='word_1_121' title='bbox 2426 2046 2531 2079; x_wconf 89' lang='lat' dir='ltr'>ne-</span> 
     </span>
     <span class='ocr_line' id='line_1_19' title="bbox 384 2115 2530 2179; baseline 0 -14"><span class='ocrx_word' id='word_1_122' title='bbox 384 2133 410 2164; x_wconf 90' lang='lat' dir='ltr'>r</span> <span class='ocrx_word' id='word_1_123' title='bbox 423 2133 450 2166; x_wconf 91' lang='lat' dir='ltr'>e</span> <span class='ocrx_word' id='word_1_124' title='bbox 463 2117 505 2165; x_wconf 89' lang='lat' dir='ltr'>i&#39;</span> <span class='ocrx_word' id='word_1_125' title='bbox 557 2116 765 2179; x_wconf 81' lang='lat' dir='ltr'>probata</span> <span class='ocrx_word' id='word_1_126' title='bbox 811 2129 989 2163; x_wconf 90' lang='lat' dir='ltr'>nomen</span> <span class='ocrx_word' id='word_1_127' title='bbox 1039 2115 1294 2179; x_wconf 87' lang='lat' dir='ltr'>proprium</span> <span class='ocrx_word' id='word_1_128' title='bbox 1336 2116 1602 2178; x_wconf 83' lang='lat' dir='ltr'>habemus3</span> <span class='ocrx_word' id='word_1_129' title='bbox 1656 2117 1858 2165; x_wconf 89' lang='lat' dir='ltr'>nomina</span> <span class='ocrx_word' id='word_1_130' title='bbox 1907 2121 2070 2166; x_wconf 86' lang='lat' dir='ltr'>autem</span> <span class='ocrx_word' id='word_1_131' title='bbox 2120 2118 2324 2178; x_wconf 88' lang='lat' dir='ltr'>propria</span> <span class='ocrx_word' id='word_1_132' title='bbox 2356 2132 2388 2164; x_wconf 87' lang='lat' dir='ltr'>a</span> <span class='ocrx_word' id='word_1_133' title='bbox 2420 2132 2530 2166; x_wconf 84' lang='lat' dir='ltr'>meo</span> 
     </span>
     <span class='ocr_line' id='line_1_20' title="bbox 384 2203 948 2252; baseline -0.007 0"><span class='ocrx_word' id='word_1_134' title='bbox 384 2203 590 2252; x_wconf 86' lang='lat' dir='ltr'>consilio</span> <span class='ocrx_word' id='word_1_135' title='bbox 625 2203 786 2250; x_wconf 85' lang='lat' dir='ltr'>aliena</span> <span class='ocrx_word' id='word_1_136' title='bbox 820 2205 948 2250; x_wconf 86' lang='lat' dir='ltr'>sunt.</span> 
     </span>
    </p>

    <p class='ocr_par' dir='ltr' id='par_1_10' title="bbox 524 2287 2251 2349">
     <span class='ocr_line' id='line_1_21' title="bbox 524 2287 2251 2349; baseline -0.002 -13"><span class='ocrx_word' id='word_1_137' title='bbox 524 2290 575 2349; x_wconf 81' lang='grc'>2)</span> <span class='ocrx_word' id='word_1_138' title='bbox 610 2288 821 2336; x_wconf 84' lang='lat' dir='ltr'>hercle</span> <span class='ocrx_word' id='word_1_139' title='bbox 859 2288 958 2337; x_wconf 81' lang='lat'>885</span> <span class='ocrx_word' id='word_1_140' title='bbox 994 2287 1105 2335; x_wconf 80' lang='lat' dir='ltr'>add,</span> <span class='ocrx_word' id='word_1_141' title='bbox 1141 2288 1229 2349; x_wconf 78' lang='lat' dir='ltr'>R.;</span> <span class='ocrx_word' id='word_1_142' title='bbox 1269 2291 1399 2339; x_wconf 79' lang='lat'><strong>1023</strong></span> <span class='ocrx_word' id='word_1_143' title='bbox 1438 2287 1555 2337; x_wconf 78' lang='lat' dir='ltr'>feeit</span> <span class='ocrx_word' id='word_1_144' title='bbox 1590 2303 1651 2336; x_wconf 87' lang='lat' dir='ltr'>ex</span> <span class='ocrx_word' id='word_1_145' title='bbox 1690 2288 1959 2337; x_wconf 85' lang='lat' dir='ltr'>‘eorum&#39;</span> <span class='ocrx_word' id='word_1_146' title='bbox 1996 2287 2251 2334; x_wconf 85' lang='lat' dir='ltr'>librorum.</span> 
     </span>
    </p>

    <p class='ocr_par' dir='ltr' id='par_1_11' title="bbox 383 2372 2593 2695">
     <span class='ocr_line' id='line_1_22' title="bbox 524 2372 2593 2436; baseline -0.002 -12"><span class='ocrx_word' id='word_1_147' title='bbox 524 2376 577 2436; x_wconf 83' lang='lat'>3)</span> <span class='ocrx_word' id='word_1_148' title='bbox 610 2375 688 2421; x_wconf 83' lang='lat' dir='ltr'>Ex</span> <span class='ocrx_word' id='word_1_149' title='bbox 720 2372 947 2433; x_wconf 81' lang='lat' dir='ltr'>vestigiis</span> <span class='ocrx_word' id='word_1_150' title='bbox 980 2373 1295 2422; x_wconf 83' lang='lat' dir='ltr'>Ambrosiani</span> <span class='ocrx_word' id='word_1_151' title='bbox 1331 2388 1391 2422; x_wconf 84' lang='lat' dir='ltr'>ex</span> <span class='ocrx_word' id='word_1_152' title='bbox 1427 2374 1606 2434; x_wconf 89' lang='lat' dir='ltr'>quibus</span> <span class='ocrx_word' id='word_1_153' title='bbox 1640 2374 1702 2421; x_wconf 80' lang='lat' dir='ltr'>R.</span> <span class='ocrx_word' id='word_1_154' title='bbox 1734 2374 1785 2422; x_wconf 90' lang='lat' dir='ltr'>id</span> <span class='ocrx_word' id='word_1_155' title='bbox 1821 2373 2034 2421; x_wconf 82' lang='lat' dir='ltr'>restituit</span> <span class='ocrx_word' id='word_1_156' title='bbox 2069 2377 2118 2421; x_wconf 85' lang='lat' dir='ltr'>et</span> <span class='ocrx_word' id='word_1_157' title='bbox 2152 2387 2216 2420; x_wconf 88' lang='lat' dir='ltr'>ex</span> <span class='ocrx_word' id='word_1_158' title='bbox 2252 2373 2363 2420; x_wconf 83' lang='lat' dir='ltr'>aliis</span> <span class='ocrx_word' id='word_1_159' title='bbox 2399 2373 2529 2419; x_wconf 88' lang='lat' dir='ltr'>codi·</span> <span class='ocrx_word' id='word_1_160' title='bbox 2579 2379 2593 2390; x_wconf 68' lang='lat'><em>⁶</em></span> 
     </span>
     <span class='ocr_line' id='line_1_23' title="bbox 383 2457 2533 2522; baseline -0.003 -11"><span class='ocrx_word' id='word_1_161' title='bbox 383 2462 522 2511; x_wconf 88' lang='lat' dir='ltr'>cibus</span> <span class='ocrx_word' id='word_1_162' title='bbox 557 2460 642 2522; x_wconf 79' lang='lat' dir='ltr'>(cf.</span> <span class='ocrx_word' id='word_1_163' title='bbox 676 2458 933 2506; x_wconf 82' lang='lat' dir='ltr'>Ritschelii</span> <span class='ocrx_word' id='word_1_164' title='bbox 967 2458 1356 2520; x_wconf 73' lang='lat' dir='ltr'>annotationem)</span> <span class='ocrx_word' id='word_1_165' title='bbox 1391 2460 1513 2507; x_wconf 91' lang='lat' dir='ltr'>mihi</span> <span class='ocrx_word' id='word_1_166' title='bbox 1547 2464 1738 2508; x_wconf 82' lang='lat' dir='ltr'>tantum</span> <span class='ocrx_word' id='word_1_167' title='bbox 1773 2458 2003 2507; x_wconf 85' lang='lat' dir='ltr'>‘latro&#39;</span> <span class='ocrx_word' id='word_1_168' title='bbox 2049 2459 2132 2507; x_wconf 86' lang='lat' dir='ltr'>vel</span> <span class='ocrx_word' id='word_1_169' title='bbox 2184 2457 2533 2506; x_wconf 72' lang='lat' dir='ltr'>‘latronis’</span> 
     </span>
     <span class='ocr_line' id='line_1_24' title="bbox 383 2542 2532 2611; baseline -0.003 -14"><span class='ocrx_word' id='word_1_170' title='bbox 383 2563 474 2611; x_wconf 84' lang='lat' dir='ltr'>pro</span> <span class='ocrx_word' id='word_1_171' title='bbox 509 2549 644 2595; x_wconf 89' lang='lat' dir='ltr'>certo</span> <span class='ocrx_word' id='word_1_172' title='bbox 681 2543 892 2591; x_wconf 87' lang='lat' dir='ltr'>evadere</span> <span class='ocrx_word' id='word_1_173' title='bbox 927 2542 1138 2593; x_wconf 87' lang='lat' dir='ltr'>videtur.</span> <span class='ocrx_word' id='word_1_174' title='bbox 1209 2544 1441 2594; x_wconf 78' lang='lat' dir='ltr'>ceterum</span> <span class='ocrx_word' id='word_1_175' title='bbox 1491 2544 1684 2594; x_wconf 86' lang='lat' dir='ltr'>etiamsi</span> <span class='ocrx_word' id='word_1_176' title='bbox 1728 2550 1860 2592; x_wconf 84' lang='lat' dir='ltr'>recte</span> <span class='ocrx_word' id='word_1_177' title='bbox 1896 2543 2103 2592; x_wconf 88' lang='lat' dir='ltr'>coniecit</span> <span class='ocrx_word' id='word_1_178' title='bbox 2138 2545 2196 2591; x_wconf 88' lang='lat' dir='ltr'>R.</span> <span class='ocrx_word' id='word_1_179' title='bbox 2232 2543 2532 2591; x_wconf 87' lang='lat' dir='ltr'>vocabulum</span> 
     </span>
     <span class='ocr_line' id='line_1_25' title="bbox 384 2628 1764 2695; baseline -0.004 -13"><span class='ocrx_word' id='word_1_180' title='bbox 384 2634 448 2683; x_wconf 76' lang='lat' dir='ltr'>sb</span> <span class='ocrx_word' id='word_1_181' title='bbox 484 2634 594 2695; x_wconf 84' lang='lat' dir='ltr'>ipso</span> <span class='ocrx_word' id='word_1_182' title='bbox 628 2630 805 2677; x_wconf 85' lang='lat' dir='ltr'>Plauto</span> <span class='ocrx_word' id='word_1_183' title='bbox 839 2628 1001 2677; x_wconf 88' lang='lat' dir='ltr'>iocose</span> <span class='ocrx_word' id='word_1_184' title='bbox 1037 2630 1201 2678; x_wconf 83' lang='lat' dir='ltr'>fictum</span> <span class='ocrx_word' id='word_1_185' title='bbox 1238 2644 1348 2678; x_wconf 86' lang='lat' dir='ltr'>esse</span> <span class='ocrx_word' id='word_1_186' title='bbox 1383 2629 1504 2679; x_wconf 82' lang='lat' dir='ltr'>satis</span> <span class='ocrx_word' id='word_1_187' title='bbox 1539 2634 1764 2693; x_wconf 80' lang='lat' dir='ltr'>apparet.</span> 
     </span>
    </p>

    <p class='ocr_par' dir='ltr' id='par_1_12' title="bbox 520 2716 820 2782">
     <span class='ocr_line' id='line_1_26' title="bbox 520 2716 820 2782; baseline -0.02 -14"><span class='ocrx_word' id='word_1_188' title='bbox 520 2721 575 2782; x_wconf 77' lang='lat'>4)</span> <span class='ocrx_word' id='word_1_189' title='bbox 610 2719 669 2766; x_wconf 80' lang='lat' dir='ltr'>R.</span> <span class='ocrx_word' id='word_1_190' title='bbox 708 2716 820 2764; x_wconf 83' lang='lat' dir='ltr'>add.</span> 
     </span>
    </p>

    <p class='ocr_par' dir='ltr' id='par_1_13' title="bbox 362 2800 2570 3207">
     <span class='ocr_line' id='line_1_27' title="bbox 522 2800 2570 2867; baseline -0.002 -15"><span class='ocrx_word' id='word_1_191' title='bbox 522 2807 576 2867; x_wconf 77' lang='lat'>5)</span> <span class='ocrx_word' id='word_1_192' title='bbox 610 2802 816 2851; x_wconf 86' lang='lat' dir='ltr'>Plurimi</span> <span class='ocrx_word' id='word_1_193' title='bbox 851 2802 957 2850; x_wconf 85' lang='lat' dir='ltr'>cod.</span> <span class='ocrx_word' id='word_1_194' title='bbox 992 2802 1416 2862; x_wconf 85' lang='lat' dir='ltr'>anheriatus,</span> <span class='ocrx_word' id='word_1_195' title='bbox 1453 2816 1583 2852; x_wconf 86' lang='lat' dir='ltr'>unus</span> <span class='ocrx_word' id='word_1_196' title='bbox 1618 2800 2065 2860; x_wconf 81' lang='lat' dir='ltr'>anhelitatus‚</span> <span class='ocrx_word' id='word_1_197' title='bbox 2104 2800 2199 2848; x_wconf 90' lang='lat' dir='ltr'>duo</span> <span class='ocrx_word' id='word_1_198' title='bbox 2234 2815 2309 2849; x_wconf 88' lang='lat' dir='ltr'>an</span> <span class='ocrx_word' id='word_1_199' title='bbox 2345 2801 2570 2848; x_wconf 67' lang='lat' dir='ltr'>heri-‘</span> 
     </span>
     <span class='ocr_line' id='line_1_28' title="bbox 386 2887 2529 2950; baseline -0.004 -11"><span class='ocrx_word' id='word_1_200' title='bbox 386 2896 576 2939; x_wconf 83' lang='lat' dir='ltr'>tatus.</span> <span class='ocrx_word' id='word_1_201' title='bbox 647 2891 922 2936; x_wconf 86' lang='lat' dir='ltr'>heureta</span> <span class='ocrx_word' id='word_1_202' title='bbox 957 2889 1040 2936; x_wconf 86' lang='lat' dir='ltr'>vel</span> <span class='ocrx_word' id='word_1_203' title='bbox 1076 2893 1132 2935; x_wconf 91' lang='lat' dir='ltr'>ut</span> <span class='ocrx_word' id='word_1_204' title='bbox 1157 2887 1272 2935; x_wconf 87' lang='lat' dir='ltr'>libri</span> <span class='ocrx_word' id='word_1_205' title='bbox 1305 2887 1549 2950; x_wconf 75' lang='lat' dir='ltr'>praebent</span> <span class='ocrx_word' id='word_1_206' title='bbox 1581 2890 1887 2937; x_wconf 84' lang='lat' dir='ltr'>heuretes</span> <span class='ocrx_word' id='word_1_207' title='bbox 1921 2901 2011 2948; x_wconf 90' lang='lat' dir='ltr'>pro</span> <span class='ocrx_word' id='word_1_208' title='bbox 2037 2891 2172 2935; x_wconf 87' lang='lat' dir='ltr'>certo</span> <span class='ocrx_word' id='word_1_209' title='bbox 2197 2891 2331 2934; x_wconf 83' lang='lat' dir='ltr'>extat</span> <span class='ocrx_word' id='word_1_210' title='bbox 2352 2887 2529 2934; x_wconf 83' lang='lat' dir='ltr'>Pseud.</span> 
     </span>
     <span class='ocr_line' id='line_1_29' title="bbox 390 2972 2528 3035; baseline -0.003 -10"><span class='ocrx_word' id='word_1_211' title='bbox 390 2979 504 3025; x_wconf 85' lang='grc'><strong>700.</strong></span> <span class='ocrx_word' id='word_1_212' title='bbox 575 2975 687 3022; x_wconf 90' lang='lat' dir='ltr'>Huc</span> <span class='ocrx_word' id='word_1_213' title='bbox 721 2987 915 3033; x_wconf 86' lang='lat' dir='ltr'>quoque</span> <span class='ocrx_word' id='word_1_214' title='bbox 944 2987 1119 3021; x_wconf 85' lang='lat' dir='ltr'>vocem</span> <span class='ocrx_word' id='word_1_215' title='bbox 1153 2988 1389 3023; x_wconf 85' lang='lat' dir='ltr'>revocare</span> <span class='ocrx_word' id='word_1_216' title='bbox 1424 2972 1736 3035; x_wconf 83' lang='lat' dir='ltr'>ingeniosum</span> <span class='ocrx_word' id='word_1_217' title='bbox 1773 2973 1970 3033; x_wconf 88' lang='lat' dir='ltr'>quidem</span> <span class='ocrx_word' id='word_1_218' title='bbox 2005 2976 2057 3019; x_wconf 89' lang='lat' dir='ltr'>at</span> <span class='ocrx_word' id='word_1_219' title='bbox 2092 2972 2291 3019; x_wconf 88' lang='lat' dir='ltr'>minime</span> <span class='ocrx_word' id='word_1_220' title='bbox 2327 2976 2528 3019; x_wconf 86' lang='lat' dir='ltr'>certum.</span> 
     </span>
     <span class='ocr_line' id='line_1_30' title="bbox 362 3056 2529 3122; baseline -0.003 -13"><span class='ocrx_word' id='word_1_221' title='bbox 362 3060 588 3122; x_wconf 49' lang='lat' dir='ltr'>&gt;Pyladis</span> <span class='ocrx_word' id='word_1_222' title='bbox 625 3057 967 3107; x_wconf 82' lang='lat' dir='ltr'>‘feriatus’</span> <span class='ocrx_word' id='word_1_223' title='bbox 1019 3059 1223 3119; x_wconf 89' lang='lat' dir='ltr'>propius</span> <span class='ocrx_word' id='word_1_224' title='bbox 1257 3060 1321 3106; x_wconf 81' lang='lat' dir='ltr'>ad</span> <span class='ocrx_word' id='word_1_225' title='bbox 1355 3073 1531 3107; x_wconf 85' lang='lat' dir='ltr'>verum</span> <span class='ocrx_word' id='word_1_226' title='bbox 1564 3058 1798 3107; x_wconf 79' lang='lat' dir='ltr'>accedere</span> <span class='ocrx_word' id='word_1_227' title='bbox 1833 3056 1954 3105; x_wconf 87' lang='lat' dir='ltr'>mihi</span> <span class='ocrx_word' id='word_1_228' title='bbox 1987 3057 2201 3106; x_wconf 82' lang='lat' dir='ltr'>videtur.</span> <span class='ocrx_word' id='word_1_229' title='bbox 2269 3058 2348 3105; x_wconf 90' lang='lat' dir='ltr'>De</span> <span class='ocrx_word' id='word_1_230' title='bbox 2383 3071 2529 3105; x_wconf 81' lang='lat' dir='ltr'>servo</span> 
     </span>
     <span class='ocr_line' id='line_1_31' title="bbox 384 3144 1809 3207; baseline -0.001 -13"><span class='ocrx_word' id='word_1_231' title='bbox 384 3148 437 3194; x_wconf 90' lang='lat' dir='ltr'>in</span> <span class='ocrx_word' id='word_1_232' title='bbox 472 3145 629 3193; x_wconf 87' lang='lat' dir='ltr'>verba</span> <span class='ocrx_word' id='word_1_233' title='bbox 660 3144 847 3191; x_wconf 89' lang='lat' dir='ltr'>domini</span> <span class='ocrx_word' id='word_1_234' title='bbox 880 3158 981 3192; x_wconf 90' lang='lat' dir='ltr'>non</span> <span class='ocrx_word' id='word_1_235' title='bbox 1016 3145 1244 3194; x_wconf 86' lang='lat' dir='ltr'>audiente</span> <span class='ocrx_word' id='word_1_236' title='bbox 1279 3145 1464 3207; x_wconf 87' lang='lat' dir='ltr'>optime</span> <span class='ocrx_word' id='word_1_237' title='bbox 1499 3146 1684 3194; x_wconf 87' lang='lat' dir='ltr'>dictum</span> <span class='ocrx_word' id='word_1_238' title='bbox 1720 3150 1809 3194; x_wconf 89' lang='lat' dir='ltr'>est.</span> 
     </span>
    </p>

    <p class='ocr_par' dir='ltr' id='par_1_14' title="bbox 525 3230 1169 3296">
     <span class='ocr_line' id='line_1_32' title="bbox 525 3230 1169 3296; baseline 0 -17"><span class='ocrx_word' id='word_1_239' title='bbox 525 3232 578 3292; x_wconf 79' lang='lat'>6)</span> <span class='ocrx_word' id='word_1_240' title='bbox 611 3231 724 3277; x_wconf 81' lang='lat' dir='ltr'>Non</span> <span class='ocrx_word' id='word_1_241' title='bbox 761 3233 895 3277; x_wconf 87' lang='lat' dir='ltr'>extat</span> <span class='ocrx_word' id='word_1_242' title='bbox 926 3230 977 3296; x_wconf 91' lang='lat' dir='ltr'>in</span> <span class='ocrx_word' id='word_1_243' title='bbox 1013 3230 1169 3279; x_wconf 85' lang='lat' dir='ltr'>libris.</span> 
     </span>
    </p>

    <p class='ocr_par' dir='ltr' id='par_1_15' title="bbox 384 3314 2525 3453">
     <span class='ocr_line' id='line_1_33' title="bbox 523 3314 2525 3379; baseline -0.003 -15"><span class='ocrx_word' id='word_1_244' title='bbox 523 3318 575 3379; x_wconf 83' lang='grc'>7)</span> <span class='ocrx_word' id='word_1_245' title='bbox 625 3316 684 3363; x_wconf 83' lang='grc' dir='ltr'>Β.</span> <span class='ocrx_word' id='word_1_246' title='bbox 738 3316 900 3363; x_wconf 82' lang='lat' dir='ltr'>effecit</span> <span class='ocrx_word' id='word_1_247' title='bbox 948 3330 1009 3363; x_wconf 86' lang='lat' dir='ltr'>ex</span> <span class='ocrx_word' id='word_1_248' title='bbox 1060 3315 1285 3376; x_wconf 84' lang='lat' dir='ltr'>vestigiis</span> <span class='ocrx_word' id='word_1_249' title='bbox 1339 3316 1459 3365; x_wconf 86' lang='lat' dir='ltr'>satis</span> <span class='ocrx_word' id='word_1_250' title='bbox 1508 3316 1709 3365; x_wconf 83' lang='lat' dir='ltr'>incertis</span> <span class='ocrx_word' id='word_1_251' title='bbox 1759 3317 1998 3365; x_wconf 89' lang='lat' dir='ltr'>codicum.</span> <span class='ocrx_word' id='word_1_252' title='bbox 2064 3316 2127 3363; x_wconf 87' lang='lat' dir='ltr'>cf.</span> <span class='ocrx_word' id='word_1_253' title='bbox 2176 3314 2280 3362; x_wconf 87' lang='lat' dir='ltr'>eius</span> <span class='ocrx_word' id='word_1_254' title='bbox 2326 3317 2525 3360; x_wconf 80' lang='lat' dir='ltr'>annota-</span> 
     </span>
     <span class='ocr_line' id='line_1_34' title="bbox 384 3401 582 3453; baseline -0.01 0"><span class='ocrx_word' id='word_1_255' title='bbox 384 3401 582 3453; x_wconf 83' lang='lat' dir='ltr'>tionem.</span> 
     </span>
    </p>

    <p class='ocr_par' dir='ltr' id='par_1_16' title="bbox 385 3484 2529 3636">
     <span class='ocr_line' id='line_1_35' title="bbox 478 3484 2529 3550; baseline -0.004 -11"><span class='ocrx_word' id='word_1_256' title='bbox 478 3513 481 3514; x_wconf 39' lang='lat'><em>⁷</em></span> <span class='ocrx_word' id='word_1_257' title='bbox 521 3491 577 3549; x_wconf 89' lang='lat'>8)</span> <span class='ocrx_word' id='word_1_258' title='bbox 613 3489 698 3550; x_wconf 88' lang='lat' dir='ltr'>pol</span> <span class='ocrx_word' id='word_1_259' title='bbox 733 3487 832 3536; x_wconf 87' lang='lat'>858</span> <span class='ocrx_word' id='word_1_260' title='bbox 867 3488 927 3534; x_wconf 82' lang='lat' dir='ltr'>R.</span> <span class='ocrx_word' id='word_1_261' title='bbox 965 3487 1074 3535; x_wconf 85' lang='lat' dir='ltr'>add.</span> <span class='ocrx_word' id='word_1_262' title='bbox 1113 3502 1314 3536; x_wconf 82' lang='lat' dir='ltr'>versum</span> <span class='ocrx_word' id='word_1_263' title='bbox 1354 3490 1521 3549; x_wconf 83' lang='lat'>1158,</span> <span class='ocrx_word' id='word_1_264' title='bbox 1571 3487 1656 3548; x_wconf 87' lang='lat' dir='ltr'>qui</span> <span class='ocrx_word' id='word_1_265' title='bbox 1690 3489 1743 3536; x_wconf 90' lang='lat' dir='ltr'>in</span> <span class='ocrx_word' id='word_1_266' title='bbox 1777 3490 1820 3536; x_wconf 89' lang='lat' dir='ltr'>B</span> <span class='ocrx_word' id='word_1_267' title='bbox 1857 3503 1956 3537; x_wconf 89' lang='lat' dir='ltr'>non</span> <span class='ocrx_word' id='word_1_268' title='bbox 1992 3491 2150 3546; x_wconf 89' lang='lat' dir='ltr'>extat,</span> <span class='ocrx_word' id='word_1_269' title='bbox 2184 3486 2244 3533; x_wconf 80' lang='lat' dir='ltr'>R.</span> <span class='ocrx_word' id='word_1_270' title='bbox 2282 3486 2422 3534; x_wconf 87' lang='lat' dir='ltr'>uncis</span> <span class='ocrx_word' id='word_1_271' title='bbox 2456 3484 2529 3532; x_wconf 87' lang='lat' dir='ltr'>in-</span> 
     </span>
     <span class='ocr_line' id='line_1_36' title="bbox 385 3573 1488 3636; baseline -0.004 -11"><span class='ocrx_word' id='word_1_272' title='bbox 385 3577 542 3626; x_wconf 89' lang='lat' dir='ltr'>clusit.</span> <span class='ocrx_word' id='word_1_273' title='bbox 609 3577 781 3633; x_wconf 87' lang='lat' dir='ltr'>Itaque</span> <span class='ocrx_word' id='word_1_274' title='bbox 819 3573 1102 3634; x_wconf 86' lang='lat' dir='ltr'>‘edepol’</span> <span class='ocrx_word' id='word_1_275' title='bbox 1139 3590 1239 3623; x_wconf 90' lang='lat' dir='ltr'>non</span> <span class='ocrx_word' id='word_1_276' title='bbox 1275 3576 1488 3636; x_wconf 84' lang='lat' dir='ltr'>respexi.</span> 
     </span>
    </p>

    <p class='ocr_par' dir='ltr' id='par_1_17' title="bbox 342 3658 2542 4235">
     <span class='ocr_line' id='line_1_37' title="bbox 448 3658 2535 3726; baseline -0.002 -15"><span class='ocrx_word' id='word_1_277' title='bbox 448 3707 452 3711; x_wconf 22' lang='grc' dir='ltr'><strong>Α</strong></span> <span class='ocrx_word' id='word_1_278' title='bbox 523 3661 574 3726; x_wconf 84' lang='grc'>9)</span> <span class='ocrx_word' id='word_1_279' title='bbox 609 3662 655 3708; x_wconf 83' lang='grc' dir='ltr'><strong>Α</strong></span> <span class='ocrx_word' id='word_1_280' title='bbox 688 3659 841 3708; x_wconf 81' lang='lat' dir='ltr'>habet</span> <span class='ocrx_word' id='word_1_281' title='bbox 862 3658 1061 3707; x_wconf 85' lang='lat' dir='ltr'>IOCOS</span> <span class='ocrx_word' id='word_1_282' title='bbox 1087 3660 1268 3721; x_wconf 88' lang='lat' dir='ltr'>reliqui</span> <span class='ocrx_word' id='word_1_283' title='bbox 1302 3660 1529 3708; x_wconf 85' lang='lat' dir='ltr'>iocum.</span> <span class='ocrx_word' id='word_1_284' title='bbox 1598 3662 1939 3716; x_wconf 81' lang='lat' dir='ltr'>Hermunnum</span> <span class='ocrx_word' id='word_1_285' title='bbox 1969 3664 2165 3708; x_wconf 81' lang='lat' dir='ltr'>secutus</span> <span class='ocrx_word' id='word_1_286' title='bbox 2200 3660 2381 3720; x_wconf 82' lang='lat' dir='ltr'>logos</span> <span class='ocrx_word' id='word_1_287' title='bbox 2417 3658 2535 3707; x_wconf 86' lang='lat' dir='ltr'>scri-</span> 
     </span>
     <span class='ocr_line' id='line_1_38' title="bbox 383 3727 2536 3807; baseline -0.003 -10"><span class='ocrx_word' id='word_1_288' title='bbox 383 3749 507 3797; x_wconf 87' lang='lat' dir='ltr'>bens</span> <span class='ocrx_word' id='word_1_289' title='bbox 543 3762 662 3795; x_wconf 88' lang='lat' dir='ltr'>num</span> <span class='ocrx_word' id='word_1_290' title='bbox 697 3748 758 3794; x_wconf 84' lang='lat' dir='ltr'>R.</span> <span class='ocrx_word' id='word_1_291' title='bbox 794 3750 971 3807; x_wconf 87' lang='lat' dir='ltr'>poetae</span> <span class='ocrx_word' id='word_1_292' title='bbox 1006 3727 1215 3793; x_wconf 22' lang='lat' dir='ltr'>manum,</span> <span class='ocrx_word' id='word_1_293' title='bbox 1261 3746 1530 3794; x_wconf 86' lang='lat' dir='ltr'>restituerit</span> <span class='ocrx_word' id='word_1_294' title='bbox 1575 3745 1760 3793; x_wconf 84' lang='lat' dir='ltr'>dubito.</span> <span class='ocrx_word' id='word_1_295' title='bbox 1846 3745 2087 3805; x_wconf 77' lang='lat' dir='ltr'>Quamvis</span> <span class='ocrx_word' id='word_1_296' title='bbox 2133 3745 2265 3793; x_wconf 89' lang='lat' dir='ltr'>enim</span> <span class='ocrx_word' id='word_1_297' title='bbox 2299 3743 2536 3792; x_wconf 86' lang='lat' dir='ltr'>correctio</span> 
     </span>
     <span class='ocr_line' id='line_1_39' title="bbox 385 3830 2536 3894; baseline -0.002 -12"><span class='ocrx_word' id='word_1_298' title='bbox 385 3834 512 3882; x_wconf 86' lang='lat' dir='ltr'>levis</span> <span class='ocrx_word' id='word_1_299' title='bbox 560 3834 652 3894; x_wconf 85' lang='lat' dir='ltr'>sit,</span> <span class='ocrx_word' id='word_1_300' title='bbox 704 3833 755 3879; x_wconf 89' lang='lat' dir='ltr'>in</span> <span class='ocrx_word' id='word_1_301' title='bbox 805 3832 1028 3880; x_wconf 88' lang='lat' dir='ltr'>codicum</span> <span class='ocrx_word' id='word_1_302' title='bbox 1075 3832 1321 3893; x_wconf 86' lang='lat' dir='ltr'>scriptura</span> <span class='ocrx_word' id='word_1_303' title='bbox 1371 3833 1693 3881; x_wconf 84' lang='lat' dir='ltr'>offensionem</span> <span class='ocrx_word' id='word_1_304' title='bbox 1729 3832 2056 3881; x_wconf 81' lang='lat' dir='ltr'>amovendam</span> <span class='ocrx_word' id='word_1_305' title='bbox 2090 3846 2192 3880; x_wconf 90' lang='lat' dir='ltr'>non</span> <span class='ocrx_word' id='word_1_306' title='bbox 2223 3831 2383 3878; x_wconf 83' lang='lat' dir='ltr'>video.</span> <span class='ocrx_word' id='word_1_307' title='bbox 2455 3830 2536 3877; x_wconf 87' lang='lat' dir='ltr'>Ad</span> 
     </span>
     <span class='ocr_line' id='line_1_40' title="bbox 388 3911 2535 3979; baseline -0.003 -11"><span class='ocrx_word' id='word_1_308' title='bbox 388 3918 813 3979; x_wconf 85' lang='lat' dir='ltr'>‘sepulcrum&#39;</span> <span class='ocrx_word' id='word_1_309' title='bbox 865 3919 997 3966; x_wconf 85' lang='lat' dir='ltr'>&#39;enim</span> <span class='ocrx_word' id='word_1_310' title='bbox 1023 3919 1178 3967; x_wconf 88' lang='lat' dir='ltr'>·illius</span> <span class='ocrx_word' id='word_1_311' title='bbox 1212 3933 1415 3978; x_wconf 82' lang='lat' dir='ltr'>versus,</span> <span class='ocrx_word' id='word_1_312' title='bbox 1467 3918 1510 3967; x_wconf 83' lang='lat' dir='ltr'>si</span> <span class='ocrx_word' id='word_1_313' title='bbox 1555 3919 1606 3965; x_wconf 90' lang='lat' dir='ltr'>in</span> <span class='ocrx_word' id='word_1_314' title='bbox 1655 3911 1967 3977; x_wconf 78' lang='lat' dir='ltr'>universum,</span> <span class='ocrx_word' id='word_1_315' title='bbox 2023 3918 2155 3977; x_wconf 87' lang='lat' dir='ltr'>quod</span> <span class='ocrx_word' id='word_1_316' title='bbox 2189 3916 2252 3964; x_wconf 90' lang='lat' dir='ltr'>ab</span> <span class='ocrx_word' id='word_1_317' title='bbox 2285 3917 2380 3963; x_wconf 88' lang='lat' dir='ltr'>hac</span> <span class='ocrx_word' id='word_1_318' title='bbox 2411 3928 2535 3962; x_wconf 82' lang='lat' dir='ltr'>voce</span> 
     </span>
     <span class='ocr_line' id='line_1_41' title="bbox 342 4002 2535 4066; baseline -0.003 -13"><span class='ocrx_word' id='word_1_319' title='bbox 342 4057 345 4060; x_wconf 69' lang='grc'><strong>,</strong></span> <span class='ocrx_word' id='word_1_320' title='bbox 385 4009 518 4053; x_wconf 83' lang='lat' dir='ltr'>certe</span> <span class='ocrx_word' id='word_1_321' title='bbox 566 4018 666 4051; x_wconf 90' lang='lat' dir='ltr'>non</span> <span class='ocrx_word' id='word_1_322' title='bbox 711 4002 971 4063; x_wconf 84' lang='lat' dir='ltr'>abhorret,</span> <span class='ocrx_word' id='word_1_323' title='bbox 1024 4005 1089 4052; x_wconf 90' lang='lat' dir='ltr'>ad</span> <span class='ocrx_word' id='word_1_324' title='bbox 1139 4005 1445 4066; x_wconf 85' lang='lat' dir='ltr'>sepulturam</span> <span class='ocrx_word' id='word_1_325' title='bbox 1496 4007 1714 4065; x_wconf 86' lang='lat' dir='ltr'>spectat,</span> <span class='ocrx_word' id='word_1_326' title='bbox 1767 4005 1863 4052; x_wconf 89' lang='lat' dir='ltr'>ioci</span> <span class='ocrx_word' id='word_1_327' title='bbox 1911 4003 1984 4050; x_wconf 88' lang='lat' dir='ltr'>illi</span> <span class='ocrx_word' id='word_1_328' title='bbox 2032 4017 2170 4051; x_wconf 89' lang='lat' dir='ltr'>more</span> <span class='ocrx_word' id='word_1_329' title='bbox 2203 4003 2535 4049; x_wconf 85' lang='lat' dir='ltr'>Romanorum</span> 
     </span>
     <span class='ocr_line' id='line_1_42' title="bbox 387 4073 2540 4150; baseline -0.001 -14"><span class='ocrx_word' id='word_1_330' title='bbox 387 4090 571 4149; x_wconf 86' lang='lat' dir='ltr'>optime</span> <span class='ocrx_word' id='word_1_331' title='bbox 606 4073 865 4148; x_wconf 80' lang='lat' dir='ltr'>quadrant.</span> <span class='ocrx_word' id='word_1_332' title='bbox 949 4089 1123 4150; x_wconf 81' lang='lat' dir='ltr'>Neque</span> <span class='ocrx_word' id='word_1_333' title='bbox 1157 4090 1320 4137; x_wconf 87' lang='lat' dir='ltr'>minus</span> <span class='ocrx_word' id='word_1_334' title='bbox 1353 4090 1418 4137; x_wconf 80' lang='lat' dir='ltr'>ad</span> <span class='ocrx_word' id='word_1_335' title='bbox 1453 4093 1609 4137; x_wconf 83' lang='lat' dir='ltr'>totum</span> <span class='ocrx_word' id='word_1_336' title='bbox 1643 4091 1805 4137; x_wconf 90' lang='lat' dir='ltr'>locum</span> <span class='ocrx_word' id='word_1_337' title='bbox 1841 4089 2155 4137; x_wconf 85' lang='lat' dir='ltr'>conveniunt.</span> <span class='ocrx_word' id='word_1_338' title='bbox 2237 4086 2373 4135; x_wconf 86' lang='lat' dir='ltr'>Dicit</span> <span class='ocrx_word' id='word_1_339' title='bbox 2406 4087 2540 4134; x_wconf 88' lang='lat' dir='ltr'>enim</span> 
     </span>
     <span class='ocr_line' id='line_1_43' title="bbox 388 4172 2542 4235; baseline -0 -14"><span class='ocrx_word' id='word_1_340' title='bbox 388 4173 723 4222; x_wconf 83' lang='lat' dir='ltr'>Mnesilochus</span> <span class='ocrx_word' id='word_1_341' title='bbox 758 4173 1098 4222; x_wconf 86' lang='lat' dir='ltr'>blandimenta</span> <span class='ocrx_word' id='word_1_342' title='bbox 1132 4173 1196 4221; x_wconf 91' lang='lat' dir='ltr'>ad</span> <span class='ocrx_word' id='word_1_343' title='bbox 1231 4173 1491 4223; x_wconf 84' lang='lat' dir='ltr'>Bacchidis</span> <span class='ocrx_word' id='word_1_344' title='bbox 1533 4188 1639 4223; x_wconf 88' lang='lat' dir='ltr'>rem</span> <span class='ocrx_word' id='word_1_345' title='bbox 1686 4174 1843 4222; x_wconf 88' lang='lat' dir='ltr'>nihilo</span> <span class='ocrx_word' id='word_1_346' title='bbox 1891 4175 2003 4235; x_wconf 85' lang='lat' dir='ltr'>plus</span> <span class='ocrx_word' id='word_1_347' title='bbox 2038 4174 2227 4223; x_wconf 76' lang='lat' dir='ltr'>referre</span> <span class='ocrx_word' id='word_1_348' title='bbox 2262 4186 2411 4234; x_wconf 87' lang='lat' dir='ltr'>quam</span> <span class='ocrx_word' id='word_1_349' title='bbox 2443 4172 2542 4221; x_wconf 90' lang='lat' dir='ltr'>ioci</span> 
     </span>
    </p>
   </div>
  </div>
 </body>
</html>
