2946 4700
1482 289 1519 352 7

430 443 643 519 ligitur
676 442 965 514 Plinium,
1012 463 1142 502 cum
1175 442 1428 503 Graecos
1479 443 1797 521 scriptores
1834 443 1897 502 in
1934 465 2103 503 suum
2136 465 2305 504 usum
2338 465 2584 506 conver·

431 552 615 617 teret,
677 545 919 605 nomina
956 545 1172 624 quibus
1218 546 1535 623 populares
1581 547 1954 622 indigebant,
2014 568 2049 606 a
2080 547 2318 608 Graecis
2352 554 2583 610 mutua·

423 655 549 708 tum
585 669 728 707 csse.
820 651 902 707 At
945 648 1215 726 quisnam
1254 669 1557 722 araneam,
1603 649 1818 708 animal
1856 648 2110 722 scilicet,
2155 653 2315 731 quod
2349 672 2459 712 nec
2503 673 2580 711 ex

423 758 580 811 terra
615 750 809 810 aliena
842 751 1151 826 importari
1194 752 1347 812 solet
1391 771 1502 811 nec
1538 756 1739 812 tantae
1774 755 1866 811 est
1897 754 2117 826 famae,
2160 753 2321 813 utin
2355 773 2425 814 eo
2457 754 2582 814 lau-

423 855 615 912 dando
653 853 972 930 scriptores
1013 853 1189 912 multi
1222 853 1377 927 sint,
1421 854 1664 914 nomine
1696 839 2013 931 peregrino
2045 854 2281 915 induit?
2366 857 2579 916 Nonne

422 956 642 1015 rectius
688 956 804 1014 erit
853 959 1115 1015 statuere
1152 955 1218 1014 in
1257 955 1365 1015 tali
1413 976 1480 1015 re
1533 956 1924 1032 significanda
1972 977 2293 1036 numquam
2338 957 2578 1018 omnino

421 1079 626 1119 vocem
675 1057 1048 1135 peregrinam
1098 1057 1406 1132 viguisse?
1492 1058 1609 1118 Sed
1664 1063 1825 1118 esto:
1886 1059 2288 1120 adhibuerunt
2324 1060 2579 1120 Romani

421 1166 803 1234 mercatoreS,
850 1160 954 1239 qui
999 1160 1064 1218 in
1103 1161 1347 1220 Graecia
1387 1162 1488 1221 vel
1539 1161 1605 1219 in
1642 1163 1860 1235 Magna
1896 1161 2144 1222 Graecia
2174 1163 2441 1235 fuerant,
2486 1161 2579 1221 in-

421 1267 650 1323 terdum
685 1265 785 1323 vel
820 1263 1059 1340 saepius
1092 1283 1308 1324 nomen
1344 1263 1723 1340 peregrinum
1742 1287 1757 1337 ς
1808 1263 2210 1326 adhibuerunt
2244 1264 2579 1341 scriptores,

422 1367 526 1446 qui
560 1368 809 1426 Graecas
858 1366 1088 1426 litteras
1139 1366 1499 1426 didicerant:
1560 1385 1701 1425 num
1750 1367 2107 1425 credendum
2156 1372 2248 1426 est
2288 1367 2579 1427 aduenam

419 1469 797 1545 peregrinum
833 1468 1021 1528 civem
1058 1470 1390 1527 Romanum
1427 1469 1605 1545 plane
1645 1467 2105 1528 exterminasse?
2162 1469 2347 1548 idque
2382 1469 2448 1529 in
2493 1488 2575 1542 re,

421 1592 570 1651 quae
619 1573 746 1631 sine
784 1571 979 1643 ¹dubio
1020 1571 1370 1647 pusionibus
1423 1591 1660 1651 quoque
1710 1591 1841 1631 eum
1887 1571 2127 1630 nomine
2177 1571 2371 1648 patrio
2415 1572 2575 1643 haud

417 1674 621 1750 ignota
670 1673 832 1733 erat?
922 1672 1148 1736 Quodsi
1200 1674 1502 1734 interdum
1540 1676 1758 1734 factum
1803 1680 1921 1747 est,
1978 1679 2046 1735 ιιι
2076 1674 2292 1734 Latina
2335 1675 2575 1735 nomina

418 1777 749 1854 peregrinis
800 1777 1107 1849 cederent,
1165 1775 1363 1835 rerum
1418 1776 1688 1836 condicio
1735 1776 1801 1835 in
1852 1775 1929 1835 iis
1978 1795 2218 1853 prorsus
2271 1778 2387 1837 alia
2431 1781 2573 1837 erat.

416 1881 530 1939 Illa
567 1879 724 1939 enim
758 1879 843 1938 ita
874 1883 1044 1937 erant
1076 1883 1440 1954 comparata,
1486 1883 1554 1937 ut
1586 1898 1706 1938 non
1738 1879 1951 1938 stabile
1979 1898 2047 1938 ac
2081 1879 2315 1938 firmum
2346 1878 2576 1959 aliquid

416 1985 519 2042 sed
569 1982 787 2042 mobile
834 2001 901 2040 ac
948 1980 1231 2040 mutabile
1285 1980 1711 2056 significarent.
1798 1983 2016 2060 Itaque
2063 2001 2196 2040 cum
2236 1980 2302 2039 in
2349 1980 2427 2039 iis
2470 2001 2574 2041 no-

419 2085 615 2145 tandis
651 2101 839 2144 novae
868 2103 1046 2143 voces
1084 2103 1331 2160 peregre
1367 2092 1755 2156 sumerentur,
1799 2084 2071 2144 notiones
2102 2103 2339 2162 quoque
2375 2101 2571 2142 rerum

420 2187 571 2264 ipsis
601 2186 771 2247 novis
801 2184 1048 2246 vocibus
1079 2184 1279 2263 aliqua
1311 2204 1388 2243 ex
1423 2193 1593 2262 parte
1630 2191 1889 2245 mutatae
1924 2190 2094 2258 sunt,
2142 2185 2287 2264 quin
2322 2185 2387 2244 in
2422 2204 2573 2244 non-

417 2290 598 2349 nullis
629 2289 761 2368 ipsa
810 2290 1054 2350 notione
1089 2294 1312 2349 mutata
1344 2309 1502 2350 nova
1546 2290 1901 2366 significatio
1937 2294 2170 2350 tantum
2214 2289 2568 2368 praevaluit,

418 2400 486 2454 ut
522 2394 776 2471 pristina
820 2395 1065 2465 notione
1101 2394 1320 2452 sensim
1357 2395 1671 2477 deficiente
1705 2414 1827 2454 vox
1870 2414 2107 2474 quoque
2141 2393 2395 2472 pristina
2428 2414 2575 2471 pau·

418 2497 585 2557 latim
635 2502 1032 2557 evanesceret.
1123 2494 1296 2558 Quod
1345 2496 1584 2575 quidem
1631 2497 1695 2555 in
1751 2494 2103 2573 ‘poetam'
2151 2516 2186 2554 a
2230 2496 2447 2568 Corss.,
2505 2499 2607 2555 ut·

419 2621 583 2659 suam
623 2600 865 2660 fulciret
905 2598 1294 2671 sententiam,
1353 2599 1598 2659 allatum
1648 2600 1840 2671 valet,
1897 2619 2018 2658 non
2057 2598 2221 2658 valet
2267 2598 2332 2658 in
2381 2604 2574 2658 ‘ara-

419 2700 660 2762 neam'.
750 2703 899 2761 Nam
944 2700 1226 2778 ‘poeta’
1281 2719 1403 2759 non
1454 2700 1614 2760 omni
1668 2721 1743 2759 ex
1792 2706 1960 2777 parte
2012 2699 2171 2760 idem
2223 2705 2353 2759 erat
2394 2704 2573 2779 atque

418 2804 538 2878 ille,
585 2804 689 2884 qui
724 2809 863 2863 ante
897 2823 1030 2863 eum
1063 2803 1179 2862 alio
1215 2802 1455 2862 nomine
1491 2804 1648 2880 apud
1679 2795 1978 2862 Romanos
2006 2820 2215 2860 versus
2247 2800 2574 2875 cecinerat3

380 2975 385 2978 ,
420 2907 595 2966 simul
640 2928 772 2966 cum
807 2899 965 2966 uoce·
994 2906 1187 2965 aliena
1225 2906 1313 2965 rei
1344 2905 1509 2965 notio
1544 2926 1765 2965 novum
1797 2906 2093 2983 quendam
2128 2903 2382 2964 colorem
2416 2924 2574 2963 sum·

421 3009 572 3086 psit,
619 3016 680 3070 et
716 3010 778 3068 id
828 3009 987 3088 quod
1019 3013 1192 3068 antea
1232 3007 1493 3068 diximus
1526 3007 1702 3066 facile
1736 3006 1978 3066 evenire
2009 3006 2233 3083 potuit,
2277 3010 2347 3067 ut
2380 3005 2577 3084 prisca

422 3113 583 3171 notio
638 3113 884 3191 eiusque
933 3110 1288 3186 significatio
1340 3111 1405 3170 in
1440 3110 1746 3171 hominum
1787 3110 2069 3169 memoria
2113 3108 2572 3172 oblitteraretur.

420 3217 552 3275 Hoc
598 3236 741 3289 vero
788 3216 851 3274 in
908 3213 1312 3274 ‘araneam'
1362 3234 1483 3275 non
1527 3215 1735 3273 cadere
1779 3214 1959 3289 longa
2007 3211 2409 3290 disputatione
2452 3234 2575 3273 non

421 3322 569 3393 eget.
657 3321 731 3377 In
778 3317 1020 3377 animali
1070 3317 1228 3376 enim
1266 3317 1654 3393 significando
1697 3316 1749 3376 si
1792 3335 2013 3376 novum
2047 3335 2263 3375 nomen
2295 3316 2441 3376 foris
2483 3337 2575 3376 as·

420 3421 705 3491 sumitur,
750 3420 915 3480 notio
963 3439 1120 3479 nova
1153 3425 1413 3478 veterem
1445 3420 1739 3496 offuscans
1776 3438 1897 3478 non
1933 3418 2188 3490 accedit;
2235 3420 2351 3477 duo
2386 3417 2574 3494 igitur

420 3525 664 3600 posthac
716 3523 838 3582 sint
891 3522 1131 3582 nomina
1185 3526 1245 3581 et
1293 3523 1463 3582 ambo
1514 3521 1581 3580 in
1628 3520 1835 3596 lingua
1883 3520 2121 3581 valeant
2174 3539 2413 3580 neeesse
2465 3524 2571 3581 est.

422 3624 649 3687 Quodsi
685 3626 749 3684 in
793 3626 901 3685 tali
953 3645 1189 3705 quoque
1239 3645 1304 3684 re
1336 3625 1433 3697 fit,
1479 3628 1548 3684 ut
1581 3643 1702 3683 vox
1742 3621 2063 3683 domestica
2107 3625 2336 3698 pereat,
2382 3622 2575 3682 causis

424 3725 774 3805 quibusdam
821 3728 1086 3787 externis
1128 3727 1413 3798 efficitur,
1460 3746 1635 3806 quas,
1682 3724 1953 3805 quamvis
1986 3723 2236 3784 traditae
2270 3743 2390 3783 non
2435 3723 2575 3799 sint,

420 3829 604 3898 fuisse
643 3829 907 3906 opinari,
964 3829 1236 3889 libidinis
1271 3834 1379 3889 est.
1468 3830 1561 3888 De
1609 3825 1934 3887 ‘aranea'
1984 3830 2179 3886 autem
2222 3824 2376 3885 nihil
2419 3826 2575 3888 eius·

419 3931 580 3992 modi
626 3934 696 3991 ad
745 3938 1005 3993 nostram
1051 3932 1330 4009 pervenit
1373 3926 1731 3990 memoriam.

592 4035 1036 4113 Etymologicae
1071 4034 1343 4094 Corsseni
1392 4032 1784 4110 disputationi
1833 4030 1988 4091 nihil
2021 4032 2181 4111 quod
2215 4051 2574 4108 opponerem

420 4138 698 4197 haberem
719 4184 733 4212 ,
793 4138 845 4197 si
894 4140 1345 4198 fundamentum
1394 4133 1833 4216 disquisitionis
1869 4134 2001 4196 loco
2049 4132 2116 4194 ‘c'
2166 4133 2461 4212 deperditi
2504 4133 2574 4196 ‘a'
