2946 4700
1414 264 1494 328 67

550 417 897 480 Interiectio
947 422 1114 496 ‘pap
1134 416 1243 479 ae’
1289 437 1441 498 quae
1482 419 1642 496 apud
1670 417 1949 480 Plautum
1983 418 2327 493 duodecies,
2373 422 2530 498 apud

377 522 727 582 Terentium
770 527 981 601 quater
1026 526 1223 595 extat,
1270 523 1499 582 duobus
1541 522 1831 599 exemplis
1878 522 2144 599 exeeptis
2181 526 2413 583 tantum
2457 525 2530 583 ab

372 624 720 683 hominibus
764 624 1066 684 inferioris
1115 623 1339 684 ordinis
1391 628 1727 700 usurpatur.
1815 624 2019 684 Utitur
2058 644 2127 685 ea
2159 625 2370 684 Bacch.
2407 626 2528 684 207

374 727 698 804 Chrysalus
746 747 982 800 servus,
1043 727 1226 787 Stich.
1277 732 1398 785 425
1447 727 1687 786 Stichus
1738 746 1977 800 servus,
2042 728 2159 786 771
2212 726 2533 803 Sagarinus

374 849 587 889 servus
635 828 754 901 bis,
798 829 960 889 Pers.
1002 834 1121 887 806
1166 828 1415 889 Toxilus
1456 833 1693 902 servus,
1737 828 1913 905 Epid.
1954 834 2029 887 53
2078 828 2364 905 Epidicus
2411 848 2533 888 ser-

374 951 518 1003 vus,
563 932 688 991 Cas.
727 932 844 990 756
886 931 1164 1009 Olympio
1198 931 1414 991 vilicus
1447 931 1572 1004 bis,
1615 932 1769 991 Rud.
1809 936 1968 990 1320
2005 930 2224 1008 Gripus
2259 931 2535 1007 piscator,

378 1034 595 1093 Pseud.
630 1039 749 1093 365
788 1034 979 1094 Ballio
1024 1033 1192 1107 len0‚
1236 1035 1388 1095 Eun.
1424 1039 1576 1106 229,
1625 1034 1778 1107 279,
1824 1034 1943 1092 317
1980 1034 2272 1093 Parmeno
2305 1053 2530 1107 servus,

382 1140 505 1195 416
540 1135 774 1196 Gnatho
823 1136 1135 1213 parasitus,
1221 1136 1560 1195 Adhibetur
1592 1139 1822 1195 tantum
1871 1155 1906 1194 a
1938 1155 2079 1195 sene
2110 1136 2269 1196 Men.
2302 1141 2424 1195 919
2473 1141 2535 1196 et

380 1258 415 1298 a
440 1238 837 1315 Stratophane
867 1239 1055 1300 milite
1089 1239 1260 1299 True.
1299 1244 1353 1311 2,
1389 1244 1444 1310 6,
1483 1244 1580 1297 26.
1668 1238 1758 1297 De
1790 1237 1981 1297 milite
2016 1242 2213 1298 autem
2245 1239 2358 1298 hoc
2391 1258 2532 1298 con-

379 1341 759 1401 siderandum
795 1346 886 1402 est
912 1341 1182 1402 homines
1212 1340 1391 1401 huius
1425 1341 1659 1416 generis
1692 1340 1935 1402 minime
1972 1341 2271 1417 elegantes
2303 1340 2370 1401 in
2405 1342 2533 1418 pal-

380 1443 541 1504 liatis
587 1463 732 1505 esse.

549 1543 991 1622 ‘Colaphus’
1037 1545 1137 1603 vel
1190 1544 1390 1621 potius
1443 1544 1951 1622 ‘colaphi''—-
2006 1544 2322 1621 singularis
2370 1546 2530 1606 enim

380 1667 659 1707 numerus
690 1647 987 1706 rarissime
1017 1646 1324 1705 invenitur
1353 1681 1440 1691 —-
1486 1649 1643 1725 quod
1677 1647 1836 1724 apud
1865 1647 2142 1708 Plautum
2189 1648 2526 1728 quinquies,

381 1751 539 1827 apud
586 1748 932 1809 Terentium
981 1748 1073 1808 bis
1125 1750 1439 1822 habemus,
1502 1749 1777 1809 similiter
1824 1749 1890 1809 in
1934 1769 2036 1810 ore
2085 1750 2392 1810 hominum
2434 1771 2534 1810 ru-

383 1852 544 1912 dium
567 1853 644 1929 1),
689 1856 759 1911 ut
791 1871 1112 1925 servorum,
1151 1853 1430 1912 lenonum
1465 1851 1817 1932 plerumque
1846 1852 2032 1913 fuisse
2067 1851 2323 1912 videtur.
2402 1852 2534 1912 Tri-

380 1955 582 2014 buitur
640 1955 798 2014 enim
854 1955 1017 2014 Pers.
1070 1960 1191 2012 293
1255 1955 1649 2030 ‘colaphis
1706 1953 2085 2030 defigere'
2142 1954 2532 2031 Sagaristioni

379 2076 581 2128 servo,
625 2056 770 2116 ibid.
809 2061 931 2113 846
985 2056 1334 2131 ‘colapho
1378 2054 1618 2115 icere’
1665 2056 1926 2116 Dordalo
1967 2056 2208 2128 lenoni,
2251 2057 2416 2134 Capt.
2452 2062 2530 2116 88

381 2158 774 2234 ‘colaphos
819 2154 1156 2235 perpeti'
1205 2157 1478 2233 Ergasilo
1531 2157 1824 2234 parasito,
1883 2159 2038 2218 Rud.
2087 2158 2246 2216 1007
2293 2159 2536 2220 ‘cola-

378 2261 551 2336 phis
595 2258 1089 2338 apstrudere'
1135 2259 1517 2320 Trachalioni
1563 2280 1766 2333 servo,
1811 2262 1923 2320 Ad.
1967 2265 2081 2320 199
2131 2260 2533 2339 ‘colaphos

316 2375 323 2382 ‘
378 2363 866 2441 infringere',
916 2370 1035 2423 245
1091 2363 1469 2441 ‘colaphis
1514 2366 1740 2424 tuber
1785 2371 1902 2425 est
1946 2362 2203 2441 caput'
2242 2364 2533 2426 Sannioni
2629 2384 2633 2388 ⁴

376 2465 597 2549 lenoni.
684 2467 899 2528 Militis
943 2466 1456 2544 est.‘colaphis
1502 2466 1802 2527 elidere
1847 2466 2107 2544 caput'
2151 2468 2334 2529 Poen.
2383 2473 2527 2528 485.

520 2673 570 2733 1)
606 2674 732 2722 Vide
775 2677 948 2722 contra
991 2672 1215 2720 homines
1250 2672 1506 2720 nobilioris
1552 2673 1737 2720 ordinis
1771 2671 1933 2731 patria
1967 2684 2091 2718 voce
2126 2671 2177 2717 in
2213 2671 2308 2718 hac
2343 2685 2398 2719 re
2432 2672 2520 2719 uti.

376 2762 595 2821 Usurpat
630 2766 641 2787 ⁶
654 2775 686 2820 p
701 2774 733 2806 u
746 2773 820 2819 gn
836 2773 868 2804 u
884 2773 932 2805 m
966 2758 1030 2805 in
1045 2759 1106 2817 pi
1122 2774 1151 2803 n
1170 2772 1202 2817 g
1216 2773 1242 2804 e
1256 2772 1317 2805 re
1333 2756 1344 2777 '
1380 2758 1561 2804 Bacch.
1598 2757 1698 2802 800
1734 2756 2005 2802 Nicobulus
2041 2769 2192 2801 senex
2209 2789 2221 2813 ,
2258 2756 2386 2803 Rud.
2426 2760 2525 2805 710

377 2847 658 2894 Daemones
691 2859 842 2892 senex
859 2860 872 2904 3
925 2847 938 2871 ‘
950 2856 983 2902 p
999 2857 1031 2888 u
1044 2855 1076 2901 g
1092 2842 1154 2887 ni
1171 2857 1195 2887 s
1246 2856 1272 2887 c
1289 2855 1318 2888 o
1332 2844 1442 2887 ntu
1454 2856 1488 2886 n
1505 2841 1536 2886 d
1548 2856 1575 2887 e
1592 2854 1616 2885 r
1629 2855 1656 2887 e
1669 2839 1681 2859 ’
1717 2840 1896 2886 Bacch.
1933 2841 2035 2886 450
2069 2839 2401 2887 Mnesilochus
2437 2842 2520 2887 ad-

377 2933 628 2989 ulescens;
685 2928 950 2989 ‘pugnis
1001 2924 1301 2985 parcere’
1335 2926 1465 2971 Men.
1504 2927 1603 2973 848
1639 2924 2014 2982 Menaechmus3
2068 2928 2175 2982 ‘pu
2192 2923 2342 2983 gnis
2395 2937 2523 2971 rem

266 3016 291 3035 ⁸
381 3013 664 3064 solvere’
715 3013 857 3060 Curc.
897 3012 994 3058 379
1046 3010 1181 3057 Luco
1228 3010 1521 3071 tarpessita3
1575 3010 1726 3056 utitur
1774 3008 1867 3056 hoc
1908 3007 2154 3055 vocabulo
2188 3008 2330 3055 vario
2375 3009 2523 3057 modo

377 3101 649 3148 Mercurius
700 3097 879 3158 Amph.
919 3099 1032 3146 302.
1085 3097 1199 3154 309.
1240 3097 1355 3144 312.
1408 3097 1527 3143 316.
1579 3096 1694 3144 323.
1735 3095 1852 3142 328.
1941 3094 2252 3153 Quamquam
2303 3099 2352 3142 et
2401 3095 2524 3142 infe·

377 3186 560 3233 riorum
609 3184 863 3231 hominum
913 3187 1018 3240 est,
1071 3183 1133 3229 cf.
1186 3181 1324 3229 Asin.
1362 3182 1478 3228 371.
1529 3181 1737 3241 ‘Amph
1775 3181 1890 3228 298.
1931 3182 2046 3229 313.
2089 3182 2203 3229 342.
2244 3180 2359 3230 375.
2403 3183 2519 3231 377.

379 3274 493 3320 387.
532 3272 648 3320 390.
687 3271 801 3317 396.
838 3270 956 3316 407.
995 3270 1109 3316 624.
1176 3267 1287 3314 Cas.
1324 3267 1438 3316 303.
1512 3267 1657 3314 Cure.
1698 3267 1809 3314 199.
1850 3266 1963 3314 725.
2032 3266 2164 3313 Men.
2207 3267 2355 3314 1012.
2423 3266 2523 3315 Lu·

374 3356 759 3405 culentissimum
806 3358 968 3401 autem
1016 3357 1091 3399 est
1137 3352 1414 3413 exemplum
1465 3367 1527 3399 ex
1565 3351 1784 3400 Terentii
1817 3352 1911 3399 Ad.
1951 3353 2076 3409 171,
2131 3350 2215 3397 ubi
2249 3339 2524 3400 Aeschinus

376 3445 659 3491 adulescens
695 3440 932 3488 Sannioni
967 3416 1131 3486 lenoni
1166 3438 1379 3487 verbera
1412 3439 1666 3485 minitatur
1699 3436 1997 3485 Parmenoni
2032 3436 2314 3497 imperans:

512 3530 600 3576 Ne
651 3541 828 3575 mora
870 3526 979 3585 sit,
1036 3526 1091 3572 si
1142 3525 1507 3584 innuerim,
1565 3524 1718 3585 quin
1768 3536 2026 3585 pugnus
2076 3522 2405 3569 continuo
2454 3521 2521 3568 in

1910 3609 2079 3655 mala
2113 3608 2407 3656 haereat.

374 3700 514 3747 Leno
548 3712 670 3745 vero
705 3697 996 3746 verberatus
1029 3701 1202 3758 postea
1242 3696 1337 3744 199
1376 3696 1700 3744 lamentatur:

511 3783 783 3832 Homini
840 3783 1093 3831 misero
1149 3783 1301 3844 plus
1359 3782 1774 3841 quingentos
1833 3779 2161 3841 colaphos
2223 3780 2522 3839 infregit

1908 3865 2086 3912 mihi.
2535 3857 2540 3862 ’

373 3956 683 4017 Quamquam
718 3959 768 4003 et
801 3953 932 4014 apud
960 3953 1245 4001 Terentium
1280 3953 1374 4000 Ad.
1400 3953 1500 3999 558
1538 3950 1806 4012 ‘pugnis
1841 3949 2171 3998 occidere’
2205 3950 2256 3996 in
2294 3964 2378 3997 ore
2406 3948 2520 4010 Syri

372 4042 505 4089 servi
541 4047 628 4089 est.
699 4039 796 4087 Sed
830 4054 935 4088 rem
970 4039 1030 4087 de
1065 4039 1264 4086 diverso
1297 4052 1390 4085 usu
1423 4037 1714 4084 Latinarum
1753 4041 1803 4083 et
1837 4034 2137 4082 Graecarum
2173 4049 2352 4082 vocum
2389 4048 2520 4082 nunc

374 4141 472 4175 non
507 4141 790 4190 persequar.

2026 4203 2112 4268 5*
