2946 4700
647 421 757 488 213
802 411 1395 492 philippiaris¹)
1445 416 1501 485 5,
1548 409 2045 487 36‹;her01e2)
2095 412 2150 481 5,
2198 412 2295 466 66.

359 527 557 581 Poen.
643 517 915 594 edepol
941 517 998 593 ⁸)
1045 521 1203 588 4223
1249 534 1472 590 agora
1498 513 1556 590 4)
1608 517 1788 572 1302.

361 628 508 682 Cas·
645 640 730 681 ne
754 619 813 698 5)
862 625 1012 691 222;
1056 616 1462 696 hymnodia
1492 615 1550 693 ⁶)
1599 617 1752 688 674;
1795 614 1996 692 p01‘1)
2045 613 2183 686 757,
2233 612 2373 672 781.

359 729 515 784 Aul.
641 722 767 799 pol
793 721 852 800 ⁸)
899 726 1040 780 284.

360 824 537 886 Rud.
644 824 848 902 p019)
902 829 1051 898 1853
1094 822 1355 882 hercle
1381 823 1481 900 1⁰)
1536 826 1713 880 1390.

362 932 554 988 Cure.
639 926 889 1004 polll)
939 932 1079 985 602.

1263 1086 1360 1162 Ex
1404 1086 1610 1162 Ennio

363 1224 539 1279 Ann.
647 1215 1030 1294 parmam)
1077 1219 1217 1274 611.

366 1328 562 1392 'rr-ag.
648 1321 917 1390 euhoe,
963 1319 1204 1377 euhoe
1230 1313 1330 1392 ¹³)
1385 1320 1535 1394 1503
1580 1334 1665 1374 eu
1690 1315 1789 1393 ¹4)
1838 1320 1977 1374 439.

367 1473 495 1532 scil.)
533 1473 663 1532 quod
699 1471 939 1521 editiones
975 1471 1238 1531 praebent,
1283 1483 1395 1518 cum
1428 1483 1510 1516 res
1545 1483 1642 1516 non
1680 1472 1781 1515 tam
1815 1479 2055 1529 perversa
2091 1467 2179 1526 sit,
2224 1471 2279 1513 ut
2313 1467 2514 1514 minime

370 1558 605 1618 explicari
639 1557 825 1618 possit,
862 1556 926 1603 ob
961 1554 1183 1620 codicum
1218 1553 1510 1614 scripturam
1547 1568 1749 1602 servare
1785 1554 1966 1601 malim.

473 1644 560 1702 19)
598 1642 779 1703 Speng.
817 1642 929 1688 add.

506 1729 558 1788 1)
596 1726 696 1774 Cur
731 1727 792 1774 de
827 1727 920 1773 hac
954 1740 1106 1786 voce,
1159 1740 1285 1786 quae
1320 1727 1383 1774 ad
1418 1740 1599 1773 nomen
1633 1724 1888 1786 proprium
1922 1723 2166 1786 pertinet,
2206 1724 2408 1771 omnino
2443 1723 2516 1769 di-

367 1826 502 1870 cam,
559 1816 731 1872 postea
765 1811 1024 1872 apparebit
1073 1814 1146 1872 (p.
1178 1814 1242 1861 33
1279 1814 1445 1873 ann.);
1497 1804 1630 1859 nunc
1665 1825 1769 1858 rem
1804 1804 2076 1858 (rideamus.
2149 1808 2328 1870 Speng.
2365 1808 2518 1855 Phi-

365 1897 639 1958 lippiari
676 1896 978 1946 statiust.
1041 1897 1667 1958 Nihiliphilippiari
1702 1898 1759 1943 Β.
1820 1894 2038 1943 Nihili
2073 1889 2266 1956 ph‘ari
2302 1894 2367 1953 (ri
2403 1894 2518 1954 syll.

365 1998 494 2030 man.
532 1985 655 2044 rec.)
694 1982 749 2030 C.
819 1982 1270 2042 Nihiliphiari
1307 1983 1369 2028 D.
1442 1982 1580 2028 Bene
1615 1982 1676 2028 ad
1713 1995 1852 2028 suam
1888 1981 2282 2027 emendationem
2317 1979 2519 2027 fulcien-

366 2069 481 2114 dam
517 2066 698 2126 Speng.
739 2067 954 2127 explicat
990 2071 1105 2113 ‘non
1140 2066 1426 2125 machaera,
1462 2065 1649 2124 inquit,
1684 2066 1777 2113 tibi
1812 2080 1937 2125 opus
1974 2071 2049 2112 est
2082 2066 2144 2112 ad
2179 2078 2397 2125 pugnam
2433 2065 2519 2111 sed

369 2150 644 2211 Philippis'.
714 2151 783 2197 At
816 2164 946 2198 nove
992 2151 1115 2198 illud
1150 2151 1410 2198 confictum
1445 2134 1766 2198 vocabulum'
1787 2150 2142 2198 dubitationem
2190 2151 2349 2197 affert.
2419 2150 2518 2196 No-

366 2237 442 2284 bis
478 2237 630 2284 satius
665 2240 741 2284 est
774 2251 879 2284 rem
913 2237 965 2284 in
1001 2237 1161 2284 medio
1197 2237 1490 2296 relinquere.

509 2325 563 2384 2)
598 2320 781 2385 Speng.
816 2323 928 2371 add.

511 2409 563 2470 3)
599 2407 758 2471 Gepp.
796 2409 907 2456 add.

508 2497 563 2556 4)
597 2496 689 2542 DP
724 2498 1124 2543 manstructa
1156 2495 1510 2557 halagoras
1545 2499 1819 2544 amatum
1866 2499 2081 2543 autem
2128 2497 2390 2557 pleni-or
2425 2499 2522 2545 nisi

374 2581 505 2639 quod
550 2579 591 2625 P
639 2585 973 2629 amantum.
1057 2583 1114 2628 In
1149 2581 1192 2629 A
1241 2597 1339 2630 non
1384 2583 1554 2641 liquet.
1625 2581 1783 2642 Gepp.
1835 2582 2071 2629 Amans
2121 2583 2522 2630 tractabilis

372 2659 640 2731 ἀγορᾶς.
709 2666 912 2715 Minime
947 2671 1149 2715 certum.

510 2753 563 2811 5)
601 2751 759 2813 Gepp.
794 2753 905 2800 add.
2109 2813 2112 2816 η

426 2885 439 2888 -
511 2840 563 2898 6)
600 2838 645 2884 Α
676 2843 788 2898 post
822 2839 1150 2898 hymenaeum
1186 2836 1338 2896 SITQ
1382 2866 1952 2883 ............
1989 2833 2153 2882 ODIA
2187 2837 2339 2884 ceteri
2374 2852 2518 2885 omm.
2557 2870 2559 2873 ψ

373 2922 534 2982 Gepp.
569 2922 782 2969 restituit
830 2922 1050 2981 sitque
1102 2922 1382 2983 pulchra
1431 2919 1797 2982 hym-nodia.
1887 2919 2010 2970 Mihi
2045 2935 2144 2968 non
2180 2923 2299 2969 satis
2334 2929 2521 2971 certum

372 3005 439 3053 ad
470 3022 630 3054 meam
663 3022 784 3053 rem.
1221 2997 1230 3005 “

513 3093 565 3150 7)
602 3089 758 3153 Gepp.
797 3090 909 3138 add.

513 3177 565 3237 8)
598 3176 719 3221 Brix
755 3180 806 3223 et
839 3176 1024 3237 Wagn.
1060 3177 1182 3237 pol.
1250 3176 1390 3224 Libri
1425 3181 1591 3237 post.

510 3261 563 3320 9)
598 3261 711 3310 Non
747 3261 869 3310 satis
903 3267 1105 3312 certum.

477 3348 563 3407 10)
598 3347 711 3394 Non
744 3347 905 3407 magis
940 3335 1140 3395 certum.

479 3434 565 3494 11)
602 3432 757 3493 ‘pol’
793 3432 933 3480 uncis
966 3431 1207 3479 inclusum
1243 3445 1274 3478 a
1307 3432 1480 3480 Fleck.
1518 3438 1568 3479 et
1600 3438 1731 3481 recte
1768 3433 1888 3481 mihi
1925 3434 2139 3483 videtur.

483 3519 566 3578 12)
601 3518 747 3565 Vahl.
784 3533 896 3566 cum
930 3518 1095 3566 Muell.
1135 3517 1198 3564 ad
1231 3518 1436 3565 Festum
1490 3532 1536 3578 p.
1575 3521 1641 3567 43
1692 3534 1892 3567 versum
1940 3521 2221 3568 restitutum
2255 3520 2417 3568 Ennio
2452 3526 2523 3569 at-

373 3600 560 3648 tribuit.
630 3602 754 3651 Mihi
788 3605 850 3651 ad
883 3619 1044 3652 meam
1077 3619 1187 3651 rem
1218 3603 1410 3651 Ennius
1446 3607 1617 3653 auctor
1667 3619 1766 3653 non
1814 3606 1883 3653 ita
1930 3611 2157 3665 constare
2193 3606 2415 3665 videtur,
2468 3612 2523 3654 ut

378 3701 436 3734 eo
461 3692 589 3735 utar.
648 3688 722 3735 Cf.
749 3703 874 3749 quae
909 3690 961 3736 in
996 3689 1156 3750 capite
1191 3690 1350 3751 primo
1387 3691 1448 3738 de
1485 3690 1670 3737 maiore
1705 3695 1947 3751 potestate
1982 3691 2184 3739 editoris
2218 3704 2365 3749 quam
2400 3692 2522 3752 eius,

368 3774 456 3834 ‘qui
492 3773 789 3823 editionibus
822 3776 999 3834 utitur,
1036 3776 1153 3823 dixi.

481 3860 567 3920 13)
602 3860 817 3908 Pulchra
852 3861 1155 3919 emendatiO‚
1199 3862 1285 3908 sed
1319 3861 1513 3908 codices
1548 3876 1659 3908 cum
1695 3861 1844 3922 plane
1881 3860 2164 3921 omiserint,
2201 3861 2270 3908 ad
2295 3875 2389 3909 nos
2423 3877 2524 3910 non

371 3944 601 4005 pertinet.
672 3945 751 4019 Qf.
784 3945 903 3994 item
936 3961 1063 4006 quae
1100 3946 1201 3994 dixi
1236 3947 1287 3993 in
1324 3946 1485 4007 eapite
1521 3947 1698 4009 primo.

480 4033 564 4091 14)
600 4046 672 4080 eu
707 4032 854 4081 Vahl.
892 4036 941 4079 et
974 4032 1120 4080 Ribb.
1181 4032 1303 4079 hau
1338 4033 1452 4079 Par.
1480 4032 1528 4080 b.
1587 4034 1710 4080 heu
1745 4031 1910 4080 ceteri.
1972 4032 2132 4079 eheu
2169 4034 2334 4092 vulgo.
2396 4032 2521 4080 Ver·

373 4128 458 4163 sus
492 4121 625 4164 extat
658 4117 788 4178 apud
823 4118 1098 4165 Varronem
1133 4120 1166 4164 l.
1201 4117 1235 4164 l.
1274 4121 1320 4175 7,
1359 4120 1423 4166 93
1450 4118 1516 4164 M.
1554 4118 1640 4164 ubi
1675 4118 1798 4165 haec
1833 4118 2088 4178 leguntur:
