2946 4700
1453 287 1534 353 21

411 442 650 516 evenit,
695 464 730 502 a
765 441 1005 502 Graecis
1051 444 1125 502 ad
1155 444 1467 504 Romanos
1501 464 1698 525 neque
1734 446 1940 505 contra
1987 446 2203 506 factam
2248 463 2395 506 esse.
2482 446 2574 506 De

421 545 746 606 mutatione
783 543 856 604 ‘v'
892 545 958 604 in
991 543 1059 605 ‘a'
1107 545 1173 605 in
1216 546 1348 623 ipsa
1383 547 1582 608 radice
1628 549 1901 624 exempla
1945 547 2185 626 quidem
2231 568 2351 608 non
2393 549 2575 609 habe-

417 667 577 720 mus,
623 649 1048 708 conferendum
1085 651 1284 709 tamen
1325 653 1417 710 est
1457 648 1944 711 ‘condalium'
1982 677 2068 702 τ·-
2104 641 2571 711 ’κουδύλιον’.

1384 836 1590 917 fucus·
1679 879 1684 889 .

413 957 486 1014 In
520 958 634 1015 hoc
679 973 914 1035 quoque
950 955 1266 1030 vocabulo,
1315 955 1594 1036 quoniam
1625 976 1749 1017 rem
1788 955 1949 1017 vitae
1993 954 2260 1016 cultioris
2306 957 2564 1032 denotat,

413 1059 616 1118 eadem
663 1056 1066 1132 ratiocinatio,
1130 1079 1246 1137 qua
1290 1058 1408 1119 iam
1453 1059 1690 1136 saepius
1722 1079 1900 1136 supra
1936 1060 2148 1119 ductus
2180 1079 2339 1132 sum,
2385 1057 2565 1120 Grae·
2663 1120 2664 1123 ,

413 1181 538 1220 cam
574 1158 861 1235 originem
906 1163 975 1220 ut
1009 1163 1263 1220 statuam
1282 1207 1296 1234 ,
1341 1181 1436 1222 me
1476 1165 1693 1223 movet.
1782 1163 2001 1222 Contra
2036 1161 2237 1222 Lottn.
2274 1161 2560 1222 Zeitschr.

411 1263 451 1321 f.
500 1262 618 1338 vgl.
655 1262 786 1338 Spr.
842 1266 999 1321 1858
1055 1283 1112 1341 p.
1152 1265 1268 1323 173
1319 1263 1627 1325 ‘fucum'
1676 1267 1737 1325 et
1786 1261 2095 1339 ‘tpfixov'
2142 1283 2219 1324 ex
2262 1263 2561 1324 communi

410 1363 608 1425 radice
654 1364 912 1426 deducit.

1338 1503 1635 1580 placenta.

409 1620 596 1678 CorsS.
630 1623 876 1696 Ausspr.
911 1618 960 1692 Ι,
996 1621 1116 1679 637
1155 1620 1414 1682 radicem
1443 1621 1720 1682 Latinam
1762 1619 1989 1699 ‘plac'
2033 1639 2265 1680 sumere
2302 1619 2559 1679 videtur.

407 1722 634 1800 Sequor
662 1721 1011 1781 Mommseni
1042 1723 1398 1784 sententiam
1430 1725 1600 1784 Rom.
1635 1723 1844 1784 Gesch.
1877 1722 1927 1797 I,
1960 1728 2078 1782 201
2119 1743 2196 1782 ex
2225 1721 2559 1783 accusativo

409 1823 630 1884 Graeco
675 1824 1167 1884 ‘nloeuofivvoe’
1212 1826 1493 1887 Latinum
1538 1827 1972 1889 nominativum
2015 1825 2383 1903 provenisse.

1345 2015 1613 2092 crapula.

405 2132 563 2191 Curt.
602 2132 858 2191 Grundz.
903 2150 997 2191 no.
1034 2135 1106 2189 41
1160 2130 1440 2191 tralatum
1483 2134 1710 2206 censet3
1774 2132 1963 2193 Corae.
1997 2133 2244 2209 Ausspr.
2288 2133 2382 2205 ΙΙ,
2435 2137 2551 2191 143

400 2239 606 2311 negat,
653 2236 811 2314 quod
843 2233 908 2293 in
941 2230 1086 2294 voce
1124 2232 1410 2294 translata
1448 2232 1583 2292 ἀι’
1619 2234 1687 2294 in
1728 2233 2020 2294 ‘ae'nec
2052 2235 2117 2295 in
2146 2232 2216 2294 ‘a'
2258 2237 2553 2297 mutatum

404 2344 574 2398 esset.
662 2337 980 2399 Contendit
1012 2357 1186 2415 porro
1221 2357 1298 2398 ex
1331 2337 1529 2398 radice
1566 2337 1862 2399 communi
1890 2335 2128 2415 ‘crap’
2172 2339 2233 2398 et
2265 2336 2557 2398 Graecum

403 2445 466 2501 et
508 2441 787 2501 Latinum
832 2441 1187 2501 vocabulum
1218 2444 1438 2501 -natum
1490 2460 1636 2501 esse.
1722 2441 1897 2501 Saalf.
1952 2440 2075 2501 ind.
2122 2461 2180 2517 p.
2215 2441 2291 2499 27
2345 2460 2554 2500 vocem

403 2543 631 2619 recepit
675 2563 848 2603 causa
892 2543 958 2601 in
1005 2543 1387 2603 annotatione
1431 2544 1611 2603 allata
1656 2548 1827 2603 “cu'm
1862 2543 2050 2603 multa
2083 2562 2279 2603 rerum
2324 2542 2553 2602 culina·
2627 2553 2630 2556 '

401 2645 557 2704 rium
586 2646 874 2706 vocabula
905 2666 940 2705 a
974 2645 1259 2705 Romanis
1289 2646 1503 2706 tralata
1532 2646 1657 2705 sint
1690 2666 1800 2706 nec
1833 2664 1971 2719 non,
2018 2664 2169 2723 quae
2202 2646 2276 2702 ad
2308 2643 2558 2720 potandi
2622 2677 2628 2682 -

402 2768 589 2824 genus
636 2753 909 2826 spectant
956 2751 1024 2807 ut
1056 2750 1364 2825 amphora,
1410 2748 1681 2824 amystiS,
1726 2749 1934 2818 cadus,
1980 2744 2375 2818 carchesium,
2421 2764 2558 2821 cya-

401 2852 558 2926 thus,
603 2851 930 2928 cymbium,
976 2850 1293 2926 epichysis,
1336 2851 1541 2921 hama,
1584 2849 1861 2922 lagoena,
1904 2847 2086 2919 lebes,
2128 2846 2374 2921 lepasta,
2419 2866 2557 2923 pro·
2623 2927 2627 2932 p

402 2952 642 3027 pinare,
701 2951 1008 3027 scaphium
1051 2950 1377 3011 verisimile
1423 2956 1514 3009 est
1557 2954 1783 3008 tantam
1831 2947 2062 3026 copiam
2103 2947 2351 3008 bibendi
2384 2968 2558 3008 vaso-

405 3072 536 3111 rum
566 3053 874 3111 nominum
904 3055 1163 3111 secutam
1197 3071 1324 3111 esse
1354 3051 1613 3130 denique
1646 3048 2000 3127 crapulam.''
2060 3051 2277 3110 Facete
2309 3053 2369 3110 et
2396 3058 2557 3111 recte
2613 3065 2616 3068 “

362 3188 367 3195 ·
405 3153 647 3234 quidem
701 3156 941 3215 dictum.
1027 3156 1144 3214 Sed
1199 3156 1314 3215 hoc
1361 3154 1545 3221 etiam,
1593 3158 1798 3214 contra
1842 3154 2031 3214 Ocres.
2087 3154 2405 3213 dicendum
2448 3159 2557 3229 est,

404 3258 564 3336 quod
595 3256 715 3316 iam
753 3278 932 3335 supra
962 3259 1035 3317 de
1073 3257 1270 3317 radice
1303 3259 1428 3318 ‘ka
1447 3257 1496 3315 l’
1534 3257 1771 3330 monui,
1814 3256 2059 3316 minime
2090 3256 2351 3333 intelligi
2382 3277 2555 3334 posse

353 3426 357 3431 ,
402 3380 539 3421 casu
571 3362 792 3420 factum
829 3380 986 3432 esse,
1043 3365 1112 3421 ut
1146 3380 1223 3421 ex
1256 3362 1459 3420 eadem
1504 3355 1703 3420 radice
1749 3361 1953 3420 eadem
1982 3361 2123 3424 fere
2160 3360 2325 3419 vocis
2367 3362 2557 3421 forma

400 3462 662 3521 eiusdem
705 3463 883 3539 plane
933 3461 1385 3539 significationis
1421 3462 1488 3522 in
1518 3462 1745 3521 duabus
1775 3461 1999 3539 linguis
2038 3465 2249 3537 sponte
2282 3466 2423 3523 nata
2458 3463 2554 3524 sit.

400 3564 552 3624 Puto
597 3565 783 3640 igitur
829 3564 1025 3624 minus
1065 3569 1264 3641 aptam
1305 3565 1469 3624 illam
1504 3564 1893 3625 mutationem
1929 3565 2289 3642 diphthongi
2330 3600 2416 3609 —-
2460 3586 2555 3625 ce·
2605 3566 2616 3572 ”

276 3709 279 3712 -
399 3672 593 3727 terum
643 3668 717 3728 cf.
768 3668 928 3727 Curt.
971 3667 1228 3727 Grundz.
1281 3689 1338 3745 p.
1378 3673 1500 3727 430
1547 3702 1633 3712 —-
1675 3667 1911 3728 facilius
1964 3667 2109 3727 ferri
2157 3687 2330 3745 posse
2375 3687 2553 3746 quam
2667 3731 2670 3734 Δ

396 3769 561 3829 illam
593 3773 713 3830 tam
742 3770 1097 3830 mirabiliter
1133 3770 1603 3832 consentientem
1639 3770 2113 3848 progressionem
2145 3774 2207 3831 et
2235 3771 2456 3830 formae
2492 3773 2554 3829 et

397 3871 677 3933 notionis.
2505 3883 2508 3886 ’

1381 4028 1559 4068 socca.

401 4127 587 4188 Corss.
640 4130 887 4206 Ausspr.
938 4129 1000 4202 1,
1049 4134 1127 4187 38
1188 4149 1394 4190 vocem
1445 4128 1722 4188 Latinam
1778 4129 1997 4188 habere
2050 4127 2305 4190 videtur.
2408 4128 2553 4188 Cum
