2946 4700
1448 289 1536 356 34

418 434 561 518 est.
598 466 909 507 numerum
955 452 1186 508 tantum
1232 446 1610 524 repetitionis
1643 449 1854 508 afferre
1889 454 1949 508 et
1982 449 2285 509 vocabulis
2322 469 2398 509 ex
2436 464 2598 526 spu-'

420 549 527 608 riis
561 550 824 626 prologis
860 550 1154 609 Plautinis
1189 552 1514 610 seeundum
1543 550 1860 611 Ritsohelii
1890 550 2186 627 egregiam
2219 551 2572 627 disputatio-

420 670 558 711 nem
607 654 681 712 de
730 657 922 713 aetate
968 655 1180 712 horum
1226 653 1604 730 prologorum
1664 654 1762 729 (of.
1799 653 2037 729 Parerg.
2083 658 2196 711 180
2232 655 2391 731 sqq.)
2436 659 2573 730 post

422 754 690 815 Terentii
748 755 1036 815 voeabula
1085 755 1278 815 locum
1334 757 1489 814 dare.
1592 752 1960 833 Quamquam
2007 774 2129 814 non
2176 754 2448 814 omnibus
2492 775 2569 813 ex

419 856 690 933 partibus
739 877 870 917 eum
903 857 1134 917 Ritsoh.
1172 857 1324 917 facio
1371 857 1475 916 sed
1519 876 1651 915 eum
1686 856 1973 916 Lorenzio
2027 857 2126 933 (ef.
2160 857 2317 917 Einl.
2353 877 2402 917 z.
2441 857 2568 916 Mil.

421 965 500 1017 48
536 960 689 1039 sqq.)
737 980 812 1019 ex
856 960 1101 1036 prologo
1144 958 1356 1019 Militis
1391 979 1446 1019 v.
1490 963 1785 1017 95--154
1823 979 1942 1019 non
1981 958 2165 1018 reioio
2208 962 2270 1018 et
2317 980 2395 1019 ex
2428 964 2570 1018 Am-

416 1061 755 1141 phitruonis
791 1062 1035 1139 prologo
1069 1082 1124 1120 v.
1161 1061 1240 1118 97
1280 1060 1352 1119 ad
1385 1060 1566 1119 finem
1601 1080 1635 1118 a
1663 1061 1874 1120 Plauto
1909 1061 2242 1138 profectum
2273 1061 2568 1121 existimo,

413 1163 720 1226 Postremo
759 1164 950 1225 dicam
983 1184 1075 1223 me
1105 1163 1170 1222 in
1204 1162 1509 1222 vocabulis
1546 1162 1875 1222 scribendis
1906 1184 2017 1223 nee
2051 1163 2318 1224 codicum
2354 1164 2564 1223 disere-

415 1266 677 1342 pantiam
711 1287 820 1327 nee
856 1266 1118 1327 diversas
1151 1265 1443 1331 editorum
1476 1265 1736 1326 rationes
1770 1266 2066 1343 respicere
2099 1268 2202 1326 sed
2237 1287 2403 1326 usum
2438 1266 2565 1324 vul·
2641 1268 2654 1283 '¹

417 1389 616 1444 garem
647 1369 833 1450 sequi.
921 1370 1041 1428 Res
1075 1367 1235 1428 enim
1269 1372 1361 1428 est
1391 1367 1621 1428 altioris
1655 1369 2059 1445 indagationis
2090 1388 2283 1447 neque
2319 1367 2563 1425 multum

414 1473 578 1533 valet
622 1493 749 1533 eam
788 1470 987 1559 obiter
1030 1475 1262 1531 tantum
1305 1470 1371 1529 in
1414 1471 1527 1531 hae
1572 1473 2017 1533 enumeratione
2060 1475 2315 1543 tangere.

1414 1655 1476 1706 A.
1500 1661 1545 1715 ι)

415 1763 607 1812 abaoufl
925 1760 1029 1808 Cat.
1070 1776 1107 1808 r.
1149 1776 1186 1808 r.
1218 1763 1296 1820 10,
1322 1764 1368 1809 4.
1410 1763 1492 1821 11,
1520 1762 1565 1809 3.

416 1846 738 1897 absinthium
926 1847 1089 1894 Plaut-
1125 1847 1261 1894 Trin.
1302 1849 1414 1897 935.

926 1932 1032 1980 Cat.
1070 1947 1110 1980 r.
1148 1947 1189 1980 r.
1219 1933 1333 1980 152.

413 2032 607 2068 acarna
924 2018 1057 2065 Eun.
1091 2018 1304 2079 heduph.
1338 2019 1418 2066 10.

413 2104 604 2164 adytus
928 2105 1030 2150 Att.
1069 2108 1197 2164 trag.
1235 2104 1351 2169 624.

414 2202 506 2239 aer
927 2189 1087 2236 Plaut.
1126 2189 1272 2236 Most.
1301 2191 1396 2237 112
1415 2190 1485 2249 2).
1542 2191 1630 2237 As.
1668 2193 1747 2239 99.

925 2274 1054 2323 Eun.
1093 2289 1206 2322 ann.
1246 2276 1361 2323 149.
1400 2277 1519 2324 439.
1565 2274 1765 2334 ·Epieh.
1804 2275 1849 2322 9.
1893 2275 1967 2320 10.

927 2361 1036 2409 Cat.
1076 2362 1198 2422 orig.
1233 2376 1282 2422 p.
1313 2363 1391 2419 12,
1428 2363 1472 2408 7.

413 2447 597 2498 aether
929 2447 1059 2494 Enn.
1093 2461 1209 2494 ann.
1248 2447 1369 2494 520.
1429 2449 1520 2493 sat.
1561 2447 1605 2494 3.
1677 2444 1803 2491 Eub.
1842 2444 1920 2491 36.

930 2533 1045 2580 Pae.
1082 2537 1206 2593 trag.
1245 2535 1326 2582 89.
1365 2534 1446 2581 93.

521 2616 789 2666 aetherius
931 2619 1074 2666 Host.
1108 2617 1226 2665 bell.
1263 2617 1420 2664 Histr.
1456 2616 1490 2662 l.
1520 2620 1565 2664 1.

419 2704 606 2754 aethra
935 2706 1064 2753 Eun.
1101 2719 1215 2752 ann.
1251 2704 1368 2752 418.

417 2801 553 2851 agea
931 2791 1062 2838 Eun.
1098 2804 1211 2837 ann.
1249 2789 1366 2836 484.

419 2886 762 2937 agoranomus
928 2876 1091 2924 Plaut.
1131 2876 1233 2922 Mil.
1273 2876 1389 2922 727.
1443 2871 1585 2933 Capt.
1610 2873 1725 2921 824.
1780 2870 1926 2918 Cure.
1963 2870 2078 2919 285.

417 2960 605 3028 aleyon
924 2961 1041 3009 Pac.
1078 2965 1204 3020 trag.
1243 2961 1358 3010 393.

416 3044 696 3106 ampelina‚
723 3057 868 3095 orum
926 3046 1072 3094 Caec.
1107 3046 1178 3094 St.
1209 3048 1319 3094 138.

417 3129 665 3190 amphora
888 3172 893 3176 .
930 3132 1088 3179 Naev.
1126 3146 1248 3179 com.
1276 3132 1389 3180 124.

929 3216 1091 3263 Plaut.
1128 3216 1231 3263 Mil.
1270 3218 1387 3265 824.
1440 3213 1553 3262 Cas.
1593 3216 1673 3263 32.

929 3300 1036 3348 Cat.
1061 3315 1100 3347 r.
1125 3316 1166 3348 r.
1195 3304 1273 3361 10,
1302 3303 1347 3348 2.
1388 3301 1466 3359 11,
1494 3303 1542 3359 2,
1568 3303 1615 3348 3.
1656 3301 1733 3358 13,
1755 3299 1803 3345 2.
1841 3298 1922 3346 36.
1964 3298 2112 3355 57,1.
2149 3297 2230 3352 88,
2260 3296 2303 3339 1.
2344 3295 2424 3339 93.
2455 3293 2569 3348 105,

998 3387 1047 3431 2.
1088 3386 1202 3443 113,
1229 3388 1257 3432 2
1296 3384 1661 3444 quinquies.
1705 3384 1818 3441 115,
1849 3386 1894 3429 1.
1934 3382 2046 3429 120.
2091 3381 2203 3432 127,
2232 3382 2255 3425 1
2296 3377 2413 3424 bis.

933 3469 1092 3517 Titius
1127 3484 1207 3531 ap.
1245 3469 1466 3518 Macrob.
1506 3474 1595 3517 sat.
1634 3471 1681 3527 2,
1724 3470 1801 3516 12.
1845 3493 1848 3496 -

521 3555 752 3617 ampulla
934 3556 1092 3603 Plaut.
1127 3554 1278 3604 Stich.
1322 3558 1438 3604 228.
1500 3556 1614 3604 Per.
1645 3556 1756 3603 124.

522 3641 867 3703 ampullarius
936 3643 1097 3690 Plaut.
1134 3643 1264 3690 Rud.
1303 3644 1417 3692 756.
1713 3644 1723 3654 “

418 3727 650 3777 amulum
936 3727 1044 3776 Cat.
1080 3742 1120 3775 r.
1154 3742 1193 3775 r.
1230 3730 1312 3778 87.

418 3827 631 3862 amurca
933 3813 1042 3861 Cat.
1077 3828 1117 3861 r.
1156 3828 1197 3862 r.
1233 3814 1314 3861 36.
1351 3816 1431 3873 64,
1471 3816 1519 3861 2.
1568 3813 1651 3873 66,
1679 3812 1725 3872 1,
1753 3813 1782 3859 2
1820 3809 1935 3857 bis.
1973 3810 2057 3870 67,
2094 3810 2139 3857 2.
2194 3810 2329 3868 69,1
2368 3804 2482 3862 bis,
2521 3806 2565 3850 2-

560 3985 617 4042 1)
650 3984 727 4030 De
762 3984 1061 4033 editionibus
1095 3984 1155 4031 ef.
1193 3999 1241 4045 p.
1271 3988 1354 4033 27.

558 4068 612 4127 2)
648 4081 755 4114 aer
792 4083 1046 4129 operam
1081 4070 1140 4117 R.
1177 4074 1290 4129 post
1314 4070 1511 4117 Camer.
1573 4082 1689 4129 per
1724 4080 1983 4128 operam
2019 4065 2076 4111 B.
2143 4055 2385 4124 peperi.
2421 4058 2574 4106 CDF.

420 4165 535 4211 que
571 4166 826 4212 operam
861 4155 917 4200 Z.
