2946 4700
1457 300 1498 361 9

403 473 582 530 supra
616 454 689 511 de
731 473 840 511 usu
879 451 1120 512 navium
1156 452 1379 512 dictum
1423 455 1515 512 est
1555 472 1687 511 eum
1733 453 2085 528 delegamuS.
2171 453 2345 512 Saalf.
2380 472 2556 514 voces

404 555 634 632 recepit
681 554 746 614 in
788 555 986 614 indice
1034 576 1139 615 suo
1184 558 1366 615 verba
1397 554 1686 614 Lobeckii
1720 575 1799 614 ex
1844 556 2023 632 paral.
2064 575 2302 630 gramm.
2343 577 2399 633 p.
2440 562 2552 615 115

403 678 544 718 ann.
585 663 659 716 41
717 659 973 717 afferens
1017 658 1276 718 “Graeco
1326 650 1527 734 πηδόν
1572 657 2034 735 apositissimum
2079 662 2169 717 est
2212 661 2557 734 gubernum,

361 755 367 767 ’
405 762 562 840 quod
597 760 796 838 ipsum
842 759 1070 819 radices
1109 780 1242 819 suas
1278 760 1341 819 in
1376 759 1623 820 Graecia
1654 759 1873 819 habere
1908 758 2147 820 videtur
2180 766 2422 837 propter
2466 781 2559 820 ac-

405 867 640 922 centum
691 862 950 923 nominis
1003 856 1426 942 κῡβερνήτης.”
1518 862 1684 926 Quae
1733 882 1877 923 vero
1925 863 2069 942 quid
2116 864 2189 922 ad
2237 863 2392 923 hanc
2434 883 2557 922 rem

404 966 837 1024 decernendum
885 964 1127 1026 valeant
1170 984 1291 1025 non
1335 964 1627 1041 intelligo.

1376 1163 1578 1214 nauta.

407 1273 566 1332 Gurt.
602 1273 860 1334 Grundz.
912 1292 1007 1332 no.
1044 1279 1166 1332 430
1217 1293 1424 1334 vocem
1462 1276 1713 1335 fortasse
1743 1273 2013 1334 tralatam
2061 1273 2234 1346 dicit3
2288 1273 2405 1334 iam
2440 1274 2559 1334 iam

394 1376 662 1460 ‚affirmat
692 1375 867 1435 Saalf.
906 1374 1030 1434 ind.
1067 1394 1125 1452 p.
1162 1380 1261 1436 56.
1350 1379 1436 1436 At
1470 1377 1537 1435 in
1564 1376 1871 1436 Saalfeldii
1898 1375 2099 1436 verbis
2131 1397 2266 1436 ann.
2304 1376 2341 1434 5·
2378 1381 2560 1436 “nau-

406 1483 526 1539 tam
573 1478 848 1538 tralatum
887 1498 1014 1538 esse
1060 1498 1303 1552 censeo,
1351 1500 1708 1560 quamquam
1740 1479 2215 1560 navitaquoque
2252 1481 2442 1539 forma
2476 1481 2561 1539 le-

407 1579 599 1657 gitur'’
644 1581 798 1640 nihil
843 1582 1177 1657 argumenti
1231 1587 1338 1643 est.
1427 1583 1582 1640 Mihi
1634 1588 1840 1642 contra
1890 1587 1951 1643 et
1999 1587 2244 1661 propter
2287 1582 2561 1653 radicem,

409 1703 560 1763 quae
602 1683 666 1741 in
719 1684 921 1744 multis
967 1684 1190 1759 linguis
1225 1685 1733 1761 Indogermanicis
1782 1691 1873 1745 est
1920 1687 2017 1764 (cf.
2064 1685 2225 1746 Curt.
2263 1685 2566 1763 Grundz.),

409 1792 468 1846 et
511 1790 756 1865 propter
798 1786 924 1846 vim
969 1787 1249 1847 Latinum
1295 1807 1422 1850 esse
1467 1788 1723 1850 videtur.

1378 1980 1577 2037 linter.

411 2095 587 2155 Saalf.
637 2095 756 2155 ind.
812 2116 869 2172 p.
908 2101 986 2154 48
1044 2095 1420 2157 ‘lintrem’
1469 2117 1547 2157 ex
1587 2098 1808 2158 Graeco
1851 2097 2140 2174 originem
2178 2100 2391 2156 ducere
2436 2095 2564 2156 exi-

413 2197 613 2257 stimat
645 2203 705 2257 et
726 2199 1094 2272 Corssenum,
1134 2200 1239 2280 qui
1271 2200 1445 2260 aliter
1482 2205 1700 2274 censet,
1738 2202 1849 2260 hoc
1882 2202 2054 2261 modo
2087 2201 2309 2260 refutat
2340 2200 2563 2260 “Corss.

413 2320 533 2361 non
560 2301 798 2362 videtur
828 2302 1115 2378 cogitasse
1148 2305 1220 2364 de
1251 2303 1717 2370 tralationeBtr.
1749 2308 1866 2364 150
1892 2323 1965 2375 S.;
2011 2305 2059 2377 Ι,
2101 2309 2247 2377 114;
2292 2305 2375 2379 ΙΙ,
2409 2305 2564 2364 271:

410 2398 666 2464 formam*
680 2407 927 2465 eandem
949 2426 1075 2466 esse
1096 2407 1303 2466 Graeci
1329 2428 1507 2488 quam
1527 2407 1729 2468 Latini
1756 2407 2048 2480 vocabuli,
2079 2407 2203 2466 vim
2224 2427 2365 2467 vero
2388 2407 2564 2466 aliam

411 2526 536 2566 esse
579 2507 755 2579 dicit3
820 2510 975 2588 quod
1027 2509 1356 2570 accuratius
1407 2510 1512 2589 qui
1561 2510 2023 2588 comparaverit,
2085 2511 2403 2569 concedere
2443 2529 2563 2569 non

411 2608 685 2686 poterit.''
746 2610 1041 2689 Equidem
1065 2631 1190 2671 rem
1218 2612 1548 2672 accuratius
1576 2632 1922 2690 comparans
1952 2614 2275 2673 concedere
2307 2633 2565 2689 possum.

412 2712 660 2772 Minime
709 2713 868 2772 enim
918 2714 1132 2793 video,
1186 2717 1478 2795 quomodo
1532 2708 1940 2795 ‘navum-259⁹,
2002 2735 2117 2794 quo
2165 2736 2271 2775 vas
2322 2716 2561 2795 aliquod

413 2817 587 2874 rebus
614 2815 886 2876 lavandis
920 2816 1320 2893 significatur,
1365 2818 1523 2877 idem
1547 2819 1634 2880 sit
1667 2819 1825 2897 quod
1860 2817 2176 2891 ‘linter’,
2222 2837 2339 2897 qua
2376 2818 2568 2878 homi·

413 2937 517 2977 nes
572 2918 798 2977 flumen
849 2919 1197 2979 transibant.
1286 2922 1396 2979 Est
1447 2920 1687 2999 quidem
1743 2919 1924 2979 linter
1974 2921 2131 2996 apud
2180 2919 2463 2980 Catonem
2508 2927 2568 2982 et

413 3018 558 3080 alios
599 3020 917 3098 scriptores
951 3041 1021 3081 ea
1055 3022 1517 3098 significatione,
1562 3034 1631 3083 ut
1659 3044 1766 3083 vas
1802 3043 2011 3083 cavum
2050 3025 2394 3094 denotetur3
2442 3024 2565 3084 Cat.

413 3141 459 3180 r.
507 3143 552 3183 r.
608 3128 718 3197 11,
771 3129 802 3182 5
866 3126 1243 3185 ‘servabit
1297 3126 1565 3203 plenas
1608 3127 1688 3185 in
1729 3126 2113 3186 lintribus
2158 3122 2405 3201 uvas’;
2465 3129 2568 3186 sed

414 3226 625 3304 quidni
674 3246 749 3286 ex
798 3246 942 3287 cava
987 3229 1176 3287 forma
1213 3228 1358 3289 ratis
1404 3228 1567 3288 illius
1606 3229 1839 3305 generis
1874 3228 1939 3288 in
1976 3249 2118 3289 vasa
2165 3250 2310 3290 cava
2354 3248 2568 3290 nomen

413 3329 762 3389 translatum
795 3328 916 3389 sit?
1003 3329 1094 3390 Sit
1140 3335 1336 3390 autem
1383 3364 1465 3373 —-
1513 3335 1575 3391 et
1607 3331 1755 3390 mihi
1791 3350 2029 3411 quoque
2061 3331 2447 3392 verisimilius
2480 3331 2570 3392 vi-

415 3432 586 3490 detur
628 3466 713 3475 —
759 3431 1001 3492 lintrem
1034 3432 1289 3509 primum
1314 3432 1389 3491 'in
1425 3433 1772 3493 universum
1810 3453 1933 3492 rem
1965 3437 2308 3493 excavatam
2346 3434 2571 3509 signifi-

416 3552 576 3591 casse
623 3538 685 3593 et
730 3539 935 3610 postea
986 3537 1221 3594 demum
1276 3535 1342 3594 in
1387 3555 1603 3611 genere
1656 3537 1909 3615 quodam
1959 3535 2201 3595 navium
2245 3534 2571 3595 adhibitam

416 3653 572 3707 esse,
631 3655 771 3694 num
817 3638 931 3696 hoc
983 3640 1267 3713 probatur
1316 3657 1521 3697 vocem
1576 3657 1705 3697 esse
1757 3635 2141 3697 translatam?
2228 3637 2443 3697 Contra
2486 3639 2572 3698 fit.

415 3736 629 3795 Forma
664 3756 794 3795 cum
845 3740 910 3798 in
948 3741 1164 3800 Latina
1213 3745 1274 3801 et
1307 3742 1527 3801 Graeca
1576 3741 1777 3817 lingua
1824 3742 2026 3799 eadem
2062 3740 2168 3811 sit,
2212 3739 2306 3799 vis
2340 3745 2572 3801 tantum

414 3840 479 3898 in
513 3859 581 3899 eo
616 3847 935 3916 congruat,
981 3846 1139 3921 quod
1172 3844 1237 3902 in
1281 3850 1534 3922 utraque
1571 3863 1665 3903 res
1702 3848 1988 3902 excavata
2022 3841 2400 3917 intelligitur,
2442 3843 2576 3920 ipsa

413 3963 483 4002 ea
534 3963 598 4002 re
647 3945 931 4019 probatur
975 3965 1178 4006 vocem
1218 3946 1703 4006 Graecoitalicam
1747 3966 1905 4018 esse,
1968 3964 2118 4024 quae
2163 3949 2370 4021 postea
2413 3950 2572 4024 apud

412 4046 595 4106 Italos
646 4066 722 4105 ex
770 4047 1011 4107 notione
1049 4048 1137 4107 rei
1185 4049 1506 4109 cuiuslibet
1542 4052 1861 4109 excavatae
1911 4048 2228 4126 praecipue
2278 4049 2342 4107 in
2392 4069 2575 4110 naves

404 4148 500 4208 ¹ita
543 4144 730 4210 factas
774 4151 1260 4213 transferebatur.
2114 4147 2120 4152 ’
