2946 4700
1440 302 1514 368 11

404 464 585 532 esset,
631 457 747 518 nisi
789 480 866 518 ex
906 459 1209 519 comoedia
1241 459 1465 518 Graeca
1516 459 1834 535 provenire
1882 478 2002 520 non
2049 464 2277 537 posset3
2338 482 2412 519 ex
2457 480 2553 521 co-

404 562 633 622 moedia
661 567 857 622 autem
889 562 956 621 id
987 562 1104 621 iam
1140 569 1309 621 sexto
1348 561 1582 621 saeculo
1619 561 1784 621 urbis
1820 561 1883 621 in
1919 562 2403 623 consuetudinem
2433 582 2552 621 ser-

404 665 592 725 monis
640 664 1020 741 elegantioris
1069 665 1214 724 adeo
1262 664 1487 738 abisse,
1533 658 1612 724 *ut
1659 664 1726 723 in
1780 664 2047 729 oratione
2094 665 2475 724 adhiberetur
2519 686 2555 724 a

408 768 732 827 Catonibus
772 767 1016 827 minime
1045 767 1303 844 speciem
1334 767 1609 827 veritatis
1639 786 1781 844 prae
1813 787 1877 827 se
1912 769 2045 829 fert.
2134 767 2359 831 Quodsi
2403 768 2552 827 illud

404 876 504 930 ‘at
520 868 619 930 at’
656 869 897 930 Catonis
926 891 961 929 a
988 869 1133 930 locis
1167 869 1522 930 comicorum
1554 889 1865 946 segregare
1892 870 2061 944 velis,
2106 869 2284 950 eique
2313 871 2552 951 quidem

404 972 837 1032 adversativam
875 971 999 1031 vim
1034 992 1111 1031 ex
1146 971 1446 1049 duplicato
1486 971 1620 1033 ‘at’
1666 972 1959 1046 tribucre,
2003 972 2068 1033 in
2100 971 2417 1033 comoediis
2451 993 2554 1032 au-

404 1081 523 1158 tem
554 1076 667 1134 hoo
710 1094 957 1150 negare,
1003 1095 1118 1154 quo
1155 1074 1284 1134 iure
1318 1074 1378 1133 id
1411 1075 1623 1134 feceris
1666 1095 1785 1135 non
1820 1074 2014 1137 video.
2103 1075 2350 1135 Omissis
2393 1075 2551 1135 enim

403 1178 863 1251 fragmentorum
897 1176 1071 1250 locis,
1117 1178 1190 1236 de
1226 1177 1442 1256 quibus
1476 1183 1744 1238 accurate
1780 1178 2032 1239 iudicari
2069 1198 2187 1238 non
2220 1182 2442 1254 potest,
2487 1178 2551 1237 in
2617 1252 2620 1255 Ι

404 1278 700 1337 Plautinis
744 1279 889 1339 locis
920 1279 1014 1338 vis
1049 1280 1425 1339 adversativa
1461 1299 1581 1339 non
1616 1280 1812 1340 minus
1843 1281 1972 1355 erui
2004 1300 2176 1358 posse
2208 1281 2356 1340 mihi
2387 1281 2555 1340 vidc-

405 1387 516 1441 tur.
605 1381 697 1442 Sit
740 1381 927 1457 igitur
974 1383 1191 1442 ‘atat'
1241 1381 1640 1458 primitivum,
1687 1383 1767 1442 sit
1810 1418 1894 1427 —-
1952 1385 2108 1461 quod
2143 1383 2271 1444 veri
2301 1383 2554 1442 similius

404 1490 495 1544 est
537 1517 620 1528 —-
666 1503 744 1543 ex
788 1483 1089 1562 duplicato
1135 1483 1268 1544 ‘at’
1313 1490 1536 1559 ortum,
1585 1485 1869 1545 Graecum
1916 1491 2073 1546 certe
2117 1505 2236 1545 non
2281 1490 2385 1546 est.

1349 1692 1599 1751 pannus,

404 1792 561 1851 Curt.
600 1791 858 1851 Grundz.
908 1812 1002 1852 no.
1039 1799 1160 1851 362
1212 1798 1436 1853 certum
1468 1793 1757 1854 iudicium
1794 1814 1913 1853 non
1950 1795 2206 1870 profert:
2272 1793 2414 1852 “Boi
2453 1808 2555 1869 pa·

402 1915 569 1967 nu·s,
613 1896 717 1953 das
758 1894 908 1954 auch
943 1894 1316 1956 Geschwulst
1363 1897 1673 1969 bedeutet,
1733 1897 1899 1955 kann
1947 1916 2081 1954 man
2109 1895 2432 1966 -zwcifcln,
2478 1896 2552 1953 ob

403 2017 465 2055 es
500 1996 667 2055 nicht
703 1996 801 2056 ein
852 1997 1154 2057 dorisches
1186 1998 1515 2058 Lehnwort
1562 1999 1702 2061 sei.'’
1792 1999 1979 2057 Coras.
2013 2002 2257 2074 Ausspr.
2293 1998 2356 2069 Ι,
2403 1997 2553 2068 278;

403 2098 559 2156 Krit.
598 2098 721 2156 Btr.
768 2103 881 2157 110
932 2100 1007 2157 dc
1041 2098 1352 2175 primitiva
1384 2101 1573 2159 forma
1626 2100 2025 2177 ‘spannus’
2072 2099 2309 2175 cogitat.
2400 2098 2590 2157 Mihi?

404 2198 548 2257 satis
580 2203 672 2259 est
714 2199 838 2258 vim
876 2199 1151 2260 vocabuli
1196 2220 1318 2260 non
1368 2200 1658 2261 eiusmodi
1700 2220 1858 2274 esse,
1919 2207 1988 2261 ut
2022 2220 2270 2279 peregre
2302 2201 2554 2261 venerit.

403 2302 552 2361 Nam
591 2301 718 2362 sive
751 2303 826 2363 ad
871 2306 1057 2364 artem
1102 2303 1348 2378 texendi
1396 2303 1525 2365 sive
1572 2307 1646 2366 ad
1683 2304 2104 2382 ulcerationem
2137 2304 2377 2383 proprie
2421 2325 2556 2383 per-

401 2404 580 2478 tinet,
626 2405 802 2465 talem
836 2424 960 2467 rem
993 2406 1242 2488 eiusque
1274 2429 1494 2469 nomen
1527 2429 1603 2469 ex
1632 2409 1752 2470 alia
1795 2415 1972 2488 gente
2015 2410 2392 2487 importatam
2428 2429 2555 2469 esse

402 2528 522 2567 non
566 2509 741 2569 facile
786 2512 1043 2571 adducor
1086 2517 1156 2571 ut
1198 2514 1449 2572 credam.

1006 2719 1142 2776 pus,
1191 2701 1383 2770 scilta,
1435 2700 1702 2777 scropha,
1755 2700 1938 2759 umbo.

404 2816 698 2880 Quattuor
749 2820 894 2878 haec
940 2819 1230 2878 vocabula
1278 2819 1536 2877 maxime
1597 2820 1670 2878 ob
1718 2818 1975 2889 radices,
2039 2836 2188 2894 quae
2242 2817 2307 2875 in
2352 2816 2554 2876 multis

402 2920 625 2995 linguis
675 2919 1181 2994 Indogermanicis
1231 2926 1550 2997 apparent,
1610 2919 1674 2977 in
1722 2919 1956 2979 Latinis
2003 2920 2365 2978 numeranda
2405 2918 2554 2977 mihi

404 3021 703 3082 videntur.
792 3021 877 3080 Cf.
925 3023 998 3080 de
1044 3020 1328 3097 singulis:

490 3143 626 3200 pus
669 3124 791 3182 rad.
837 3122 954 3201 ‘pu'
985 3124 1146 3185 Gurt.
1184 3122 1444 3184 Grundz.
1490 3144 1585 3184 no.
1620 3130 1739 3183 383
1753 3147 1768 3196 ;
1818 3125 2005 3183 Corsa.
2042 3127 2289 3202 Ausspr.
2322 3127 2370 3197 Ι,
2411 3126 2551 3184 371.

489 3225 721 3286 stilus
767 3229 889 3288 rad.
943 3224 1095 3304 ‘stig'
1150 3229 1308 3287 Curt.
1350 3227 1609 3287 Grundz.
1659 3249 1754 3290 no.
1791 3235 1941 3300 226;
2001 3228 2193 3302 Coras.
2226 3232 2472 3305 Ausspr.
2505 3231 2555 3302 Ι,

623 3335 777 3403 504;
823 3330 973 3391 Fick
1012 3332 1268 3392 sztb.
1300 3333 1347 3404 Ι,
1386 3336 1528 3391 410.

487 3435 808 3509 scropha
840 3436 963 3494 rad.
997 3433 1244 3496 ‘scrabh'
1279 3434 1437 3495 Curt.
1471 3434 1729 3496 Grundz.
1765 3455 1859 3495 no.
1895 3440 2041 3507 1383
2089 3435 2275 3494 Corss.
2306 3437 2553 3509 Ausspr.

615 3537 679 3609 Ι,
731 3539 879 3610 146,
928 3543 1068 3598 455.

489 3639 700 3697 umbo
747 3639 906 3699 Curt.
944 3640 1201 3700 Grundz.
1245 3661 1339 3701 no.
1375 3647 1531 3716 403;
1578 3642 1765 3702 Coras.
1801 3643 2045 3718 Ausspr.
2089 3642 2149 3714 Ι,
2203 3645 2338 3698 162.

1373 3833 1576 3909 εσφιό.

403 3945 522 4004 Hic
556 3966 791 4025 quoque
826 3947 996 4006 radix
1035 3949 1556 4024 Indogermanica,
1602 3969 1752 4028 quae
1786 3954 1877 4007 est
1918 3944 2148 4023 ‘scap’
2195 3947 2294 4006 vel
2334 3952 2386 4006 ‘s
2403 3945 2553 4024 cip'

401 4048 774 4124 respicienda
820 4055 937 4110 est:
996 4052 1070 4110 cf.
1123 4051 1283 4111 Curt.
1339 4051 1598 4111 Grundz.
1652 4071 1747 4109 no.
1789 4055 1932 4121 108;
1992 4050 2180 4109 Corss.
2214 4054 2458 4125 Ausspr.
2503 4051 2552 4122 I,

409 4157 556 4223 401;
603 4151 752 4212 Fick
783 4152 1037 4215 sztb.
1074 4154 1158 4229 ΙΙ,
1198 4158 1338 4214 497.
1417 4155 1686 4213 Momms.
1723 4172 1863 4212 vero
1895 4154 2063 4213 Ro'm.
2099 4154 2306 4214 Gesch.
2343 4153 2389 4226 I,
2427 4157 2550 4210 200
