2946 4700
1352 279 1435 347 63

305 444 593 518 πράγματά
632 462 716 512 μοι
750 440 992 509 παρέχεις
1717 433 1830 482 Cas.
1866 434 1964 482 607

311 536 505 599 (Dabo)
545 531 680 597 μέγα
717 524 878 583 κακόν
1766 554 1797 580 ,,
1868 519 1967 567 608

310 623 523 685 (Dabin)
561 617 697 684 μέγα
731 609 892 668 κακόν
1483 683 1493 691 ¹
1764 639 1795 665 η
1902 638 1934 664 22

314 700 481 769 ἄξω)
1766 725 1797 752 ,,
1870 691 1986 738 609.

474 946 537 1024 b)
584 945 740 1021 Logz'
778 950 837 1001 et
880 941 998 999 loci
1036 938 1112 998 ad
1152 938 1455 996 scientiam
1504 935 1854 993 Graecorum
1901 928 2301 989 vocabulorum

1223 1046 1567 1117 spectantes·
1655 1120 1656 1125 ἵ

1199 1208 1593 1268 Chrysalus.

317 1357 331 1372 .
369 1358 382 1370 .
419 1355 431 1369 .
471 1355 482 1368 .
519 1334 640 1381 opus
675 1322 751 1367 est
784 1317 963 1377 chryso
981 1315 1032 1376 ²)
1069 1312 1331 1374 Chrysalo.
2055 1303 2238 1352 Bacch.
2277 1303 2378 1353 240

1198 1463 1238 1513 C
1253 1464 1287 1512 h
1300 1478 1325 1510 r
1340 1479 1372 1525 y
1389 1478 1413 1511 s
1430 1463 1536 1509 alu
1556 1477 1594 1510 s.

313 1577 449 1638 Quid
483 1575 604 1623 mihi
639 1575 789 1622 refert
823 1571 1067 1633 Chrysalo
1105 1583 1213 1617 esse
1250 1582 1445 1626 nomen,
1483 1567 1578 1614 nisi
1616 1564 1760 1612 factis
1798 1564 1971 1624 probo.
2147 1596 2177 1622 ‚,
2286 1564 2384 1612 704

1195 1701 1596 1769 Gelasimus.

322 1829 576 1878 Gelasimo
611 1843 786 1878 nomen
822 1829 889 1876 mi
923 1827 1100 1875 indidit
1133 1839 1288 1886 paruo
1324 1828 1481 1885 pater,

319 1917 452 1978 Quia
483 1917 581 1963 iam
616 1930 646 1963 a
679 1915 889 1977 pausillo
936 1926 1090 1974 puero
1127 1910 1360 1959 ridiculus
1396 1824 1510 1956 fui}
1959 1918 1964 1923 -
2061 1854 2211 1902 Stmh·
2257 1854 2475 1901 174-5

1160 2052 1609 2123 'Epignomum

322 2173 468 2219 Nunc
503 2185 595 2232 ego
633 2172 747 2218 nolo
783 2168 850 2216 mi
886 2182 945 2215 ex
981 2166 1232 2216 Gelasimo
1269 2164 1376 2214 fieri
1410 2169 1459 2213 te
1495 2163 1924 2223 Catagelasimum.
2013 2195 2016 2198 >
2130 2195 2161 2221 ,‚
2249 2164 2345 2215 631

1205 2319 1600 2370 Gelasimus.

322 2431 469 2478 Nunc
501 2429 835 2491 Miccotrogus
867 2428 1066 2475 nomine
1103 2442 1130 2475 e
1166 2440 1285 2475 uero
1321 2439 1489 2475 uocor.
2131 2457 2163 2484 ‚‚
2252 2422 2352 2470 242

1226 2593 1233 2600 ·
1283 2577 1524 2628 Ballio.

329 2681 512 2733 Tune's
546 2684 588 2733 is
622 2682 866 2745 Harpax?

1269 2833 1549 2901 simmia.

941 2938 1050 3000 Ego
1086 2951 1225 2986 sumt
1261 2941 1408 2996 atque
1443 2935 1648 2994 Harpax
1669 2934 1719 2993 ⁸)
1755 2926 1967 2988 quidem.
2071 2930 2253 2978 Pseud.
2294 2933 2425 2980 1010

474 3109 526 3168 1)
575 3101 719 3167 ιὀξύ
765 3108 870 3155 Pal.
911 3111 935 3155 1
999 3107 1062 3153 ad
1113 3119 1282 3162 oram,
1344 3103 1476 3150 idem
1533 3102 1666 3147 intus
1724 3109 1931 3155 ozam,
1994 3111 2237 3158 suprascr.
2287 3116 2483 3163 ozan,

324 3191 435 3238 Pal.
473 3192 504 3238 3
542 3198 592 3240 et
621 3192 663 3239 P
700 3198 886 3250 ozen,
925 3193 954 3237 6
991 3202 1191 3243 oxen,
1228 3188 1260 3233 4
1298 3199 1326 3231 o
1363 3186 1522 3241 Zeu,
1557 3183 1600 3227 A
1638 3183 1718 3227 Lt.
1754 3175 1971 3228 QZEY’
2011 3180 2171 3242 Gpepp·

466 3278 523 3340 2)
541 3277 706 3340 ,8931ίῖ
743 3294 792 3337 p.
820 3279 884 3323 23
922 3285 1097 3319 vocem
1133 3271 1277 3317 affert
1310 3269 1450 3328 quasi
1487 3268 1662 3314 tralata
1698 3264 1775 3312 sit.
1847 3262 1990 3322 Quod
2026 3280 2172 3325 quam
2208 3270 2272 3316 sit
2305 3272 2483 3319 falsum

309 3362 460 3411 facile
508 3380 570 3412 ex
604 3339 714 3411 loeo
749 3357 980 3405 Plautino
1028 3358 1259 3414 apparet3
1312 3353 1405 3401 ioci
1442 3352 1573 3400 enim
1610 3355 1798 3397 tantum
1834 3364 1980 3399 causa
2016 3352 2310 3401 vocabulum
2345 3329 2483 3416 pere-

315 3448 528 3507 grinum
564 3460 595 3492 a
627 3445 802 3497 Plauto
839 3437 1115 3485 adhibitum
1151 3443 1240 3486 est.
1305 3438 1394 3486 Vis
1434 3439 1721 3485 tralatorum
1755 3436 1902 3497 plane
1939 3439 2037 3485 alia
2069 3443 2157 3486 est.
2230 3439 2360 3499 Quin
2396 3443 2481 3488 du·

316 3531 427 3578 bito
464 3538 589 3572 num
623 3525 731 3583 ipse
768 3526 900 3569 recte
936 3521 1167 3581 fecerim,
1221 3538 1333 3571 cum
1388 3527 1536 3571 antea
1586 3524 2053 3571 ‘comarchum’
2108 3529 2158 3571 et
2207 3526 2483 3574 ‘demar-

322 3606 543 3665 chum’
588 3609 849 3655 attulerim.
919 3609 1081 3656 Voces
1116 3608 1354 3658 eiusmodi
1391 3603 1588 3670 saepius
1619 3609 1674 3658 in
1708 3622 1900 3668 quaque
1935 3610 2106 3671 lingua
2141 3612 2480 3674 offenduntur3

320 3703 521 3752 tantum
555 3697 719 3742 autem
753 3694 899 3742 abest
932 3698 986 3742 ut
1017 3694 1218 3743 civitate
1253 3696 1521 3755 donentur,
1575 3695 1705 3754 quod
1757 3694 1953 3754 quidem
2002 3695 2053 3742 in
2091 3695 2152 3743 iis
2200 3710 2326 3755 quae
2361 3712 2483 3746 vere

317 3787 511 3840 tralata
543 3780 750 3828 dicenda
783 3785 898 3829 sunt
932 3780 1041 3828 fieri
1074 3781 1226 3841 solet,
1282 3786 1338 3830 ut
1388 3782 1527 3843 origo
1576 3781 1842 3842 peregrina
1890 3795 2086 3842 semper
2120 3782 2170 3828 in
2208 3783 2269 3830 iis
2308 3784 2480 3844 depre-

319 3871 586 3927 hendatur.

465 3954 520 4018 3)
558 3950 726 3999 “ATO
763 3978 774 3999 .-
805 3987 815 3998 .
843 3983 857 3997 .
884 3982 898 3998 .
923 3984 935 3999 .
969 3950 1105 3999 PAX
1140 3952 1203 3999 A.
1274 3956 1467 4011 atque
1517 3953 1662 4013 ipse
1713 3952 1960 4013 harpax
2008 3953 2183 4012 reliqui
2220 3953 2315 4002 nisi
2352 3956 2482 4015 quod

319 4055 533 4110 arpax
567 4036 640 4085 13²⁹
691 4037 750 4085 R.
822 4037 948 4085 Cum
980 4037 1039 4086 R.
1092 4052 1271 4087 nomen
1321 4038 1577 4099 proprium
1631 4037 1951 4098 ‘Harpax’
2003 4052 2200 4090 assumo
2251 4042 2483 4090 adiectivi

320 4138 427 4188 vim
464 4123 783 4181 subaudiens.
