2946 4700
1358 251 1436 320 17

318 410 452 488 ipsa
500 412 729 479 docent.
819 410 969 469 Nam
1022 430 1154 470 cum
1202 410 1555 471 vocabulum
1607 409 1671 469 in
1709 400 1930 485 viginti
1977 428 2084 469 sex
2136 410 2354 470 fabulis
2398 430 2476 469 ex

320 514 622 574 comoedia
654 513 871 573 Latina
907 513 1049 573 satis
1083 514 1315 590 integre
1352 512 1605 573 servatis
1642 513 1824 572 semel
1872 517 2102 572 tantum
2140 513 2476 573 offendatur

321 616 539 692 (Plaut.
572 616 786 676 Pseud.
834 616 1008 694 138),
1065 615 1131 675 in
1173 615 1523 693 fragmentis
1561 614 1794 690 exiguis
1838 614 2272 689 tragoediarum
2317 614 2475 674 sexti

321 723 382 779 et
415 718 655 795 septimi
689 718 910 778 saeculi
951 722 1160 799 quater
1192 718 1534 791 invenitur,
1579 722 1641 777 et
1671 717 1764 776 bis
1797 716 2035 797 quidem
2067 717 2132 775 in
2166 717 2290 776 illis
2325 717 2472 777 locis

320 821 721 897 metaphorice
752 819 1085 880 adhibitum
1119 825 1210 880 est
1241 820 1342 899 (cf.
1376 820 1597 879 Pacuv.
1633 824 1781 890 185;
1825 822 1951 879 Att.
1989 824 2130 892 212,
2170 825 2312 893 292,
2350 824 2472 878 535

322 902 545 1000 Ribb.).
651 925 707 980 A
767 921 1154 999 scriptoribus
1211 925 1410 981 autem
1470 920 1906 997 tragoediarum
1966 920 2224 980 alienum
2287 921 2474 982 fuisse

321 1025 443 1085 tale
480 1024 835 1085 vocabulum
872 1025 1191 1089 transferre
1237 1023 1620 1083 manifestum
1652 1027 1758 1083 est.
1847 1023 2120 1087 Ceterum
2168 1026 2477 1084 conferen-
2529 1022 2532 1025 ’

323 1129 432 1187 dae
465 1127 644 1188 etiam
676 1130 817 1186 sunt
847 1118 1045 1201 legum
1073 1126 1361 1185 formulae
1396 1127 1555 1202 apud
1588 1125 1928 1185 Ciceronem
1964 1129 2026 1185 et
2057 1125 2295 1185 Livium
2327 1126 2472 1204 (Cic.

322 1229 474 1304 legg.
522 1237 590 1301 2,
645 1234 712 1301 9,
766 1235 874 1300 22;
938 1228 1070 1287 Liv.
1110 1234 1218 1301 22,
1264 1233 1370 1300 10,
1421 1228 1502 1305 5).
1607 1228 1776 1287 Adde
1825 1229 1995 1306 quod‘
2032 1227 2311 1306 ‘clepo'
2354 1249 2474 1290 non

324 1329 644 1407 ‘clepto'
688 1335 859 1391 sonat
882 1332 958 1407 ¹).

905 1537 1148 1588 muscuS,
1191 1537 1399 1594 perna,
1441 1519 1663 1596 pulmo,
1715 1526 1899 1576 saeta.

324 1637 415 1694 De
466 1640 745 1714 quattuor
777 1634 872 1694 his
906 1636 1163 1712 primum
1197 1638 1402 1723 contra
1431 1635 1638 1708 Saalf.,
1683 1636 1850 1694 cuius
1881 1635 1946 1695 in
1981 1635 2179 1696 indice
2219 1638 2477 1697 afferun-

324 1741 440 1810 tur,
488 1738 799 1797 dicendum
834 1743 952 1811 est,
995 1757 1118 1811 rea,
1164 1757 1315 1817 quae
1348 1737 1425 1797 iis
1457 1741 1759 1811 notantur,
1805 1757 1925 1798 non
1958 1739 2106 1797 tales
2141 1758 2285 1812 esse,
2332 1760 2476 1819 qua·

324 1839 412 1898 les
460 1840 606 1898 foris
657 1844 986 1899 sumuntur.
1077 1840 1228 1899 Tum
1277 1840 1350 1899 de
1406 1836 1814 1918 ‘pulmone’
1863 1840 1981 1900 iam
2022 1841 2180 1902 Curt.
2214 1842 2473 1901 Grundz.

323 1960 418 1999 no.
457 1942 579 2000 370
615 1941 903 2018 aptiorem
936 1943 1184 2002 formam
1216 1960 1345 2001 esse
1381 1940 1684 2019 ‘plumo’
1717 1946 1779 2002 et
1811 1943 2014 2001 suffixi
2044 1944 2309 2004 vocalem
2341 1947 2476 2005 bre·

316 2036 458 2103 'vem
515 2062 710 2122 neque
769 2044 1006 2118 longam
1058 2047 1265 2103 extare
1324 2044 1745 2122 (pul-min-is),
1804 2045 1856 2103 si
1906 2064 1982 2104 ex
2027 2045 2248 2106 Graeco
2304 2053 2476 2118 esset,

321 2146 759 2205 animadvertit.
846 2148 920 2205 In
965 2151 981 2179 ‘
999 2144 1238 2206 saeta’
1272 2147 1530 2226 denique
1561 2175 1648 2198 =
1677 2144 1893 2222 χαίτη
1929 2148 1993 2206 ‘s’
2035 2168 2112 2207 ex
2144 2147 2212 2225 ‘x'
2254 2151 2478 2210 factum

323 2267 450 2307 esse
495 2266 615 2307 non
648 2247 823 2307 facile
868 2268 1000 2307 cum
1029 2249 1208 2308 Saalf.
1243 2249 1558 2329 quisquam
1592 2250 1807 2309 credet.
1897 2250 2112 2310 Omnia
2143 2251 2328 2326 igitur
2360 2253 2475 2313 La-

317 2350 450 2410 tina
493 2355 648 2411 sunt.

1193 2593 1280 2655 Ga
1347 2597 1420 2656 ut
1464 2596 1589 2656 [ΙΙ.

372 2706 470 2772 De
514 2708 621 2789 iis,
666 2727 828 2790 quae
872 2728 969 2774 ex*
993 2708 1243 2774 Graeca
1284 2613 1505 2791 llingua
1546 2715 1803 2791 sumpta
1846 2714 2024 2789 sunt,
2069 2711 2417 2791 quaeritur.

492 2863 810 2932 Transeam
842 2884 999 2923 nunc
1033 2866 1105 2924 ad
1141 2885 1236 2938 ea,
1273 2884 1425 2944 quae
1456 2863 1713 2924 Graecae
1744 2864 1992 2940 originis
2028 2869 2183 2939 sunt,
2227 2866 2345 2925 nisi
2372 2886 2466 2926 me

319 2965 516 3026 omnia
558 2966 791 3027 fallunt.
879 2967 1033 3027 Sunt
1076 2972 1271 3026 autem
1314 2967 1461 3026 haec
1478 2988 1493 3025 ε

445 3068 710 3142 Prora,
770 3069 1008 3142 latr0‚
1070 3087 1346 3142 morus,
1407 3072 1673 3145 sporta
1732 3070 2165 3148 (sportula),
2232 3070 2463 3145 calix,

443 3172 696 3245 fucus,
756 3171 1148 3249 placenta,
1196 3172 1539 3249 crapula,
1584 3174 1807 3247 socci,
1868 3175 2231 3252 elogium,
2276 3194 2463 3247 cera,

445 3268 757 3334 hilarus.

318 3376 582 3440 Quorum
627 3378 923 3454 singulum
970 3380 1247 3459 quodque
1289 3397 1398 3454 age
1442 3398 1672 3439 mecum
1717 3379 2068 3441 consideres.

1285 3585 1493 3644 prora.

319 3678 486 3738 Haec
535 3700 655 3740 vox
709 3701 744 3741 a
788 3684 1053 3745 Momms.
1102 3687 1271 3747 Rom.
1328 3686 1537 3745 Gesch.
1584 3685 1647 3758 Ι,
1693 3690 1811 3743 201
1865 3689 1926 3745 et
1976 3705 2012 3743 a
2056 3685 2257 3745 Lottn.
2307 3685 2465 3745 Zeit-

319 3781 470 3841 schr.
507 3783 546 3842 f.
577 3782 695 3858 vgl.
726 3783 855 3861 Spr.
898 3790 1056 3844 1858
1095 3807 1153 3864 p.
1191 3793 1307 3847 165
1361 3789 1426 3847 in
1456 3786 1790 3866 peregrinis
1825 3790 2186 3847 numeratur.
2274 3788 2462 3848 Corss.

458 4025 508 4082 1)
545 4020 752 4085 ‘Clepta’
786 4038 907 4072 vero
942 4027 1116 4085 postea
1150 4023 1200 4071 in
1238 4027 1428 4074 tralatis
1479 4029 1762 4088 afferretur3
1815 4026 1911 4073 alia
1961 4024 2094 4073 enim
2145 4025 2250 4074 eius
2298 4025 2464 4072 condi-

315 4108 392 4155 cio
427 4114 518 4159 est.

2014 4205 2049 4256 2
