2946 4700
1440 269 1521 332 16

400 421 562 482 tonis
609 423 803 482 locum
848 423 887 482 1.
924 423 961 482 1.
1001 422 1151 495 VII,
1205 422 1280 482 87
1329 423 1617 501 “lympha
1659 445 1693 484 a
1728 425 1992 502 nympha
2030 426 2178 487 oet.'’
2266 428 2559 507 Equidem

402 546 532 584 eum
565 525 793 584 Ritseh.
826 545 1027 602 opusc.
1062 525 1207 601 phil.
1249 525 1330 598 ΙΙ,
1367 509 1490 584 490
1527 530 1773 603 propter
1803 527 2234 589 derivationem
2267 529 2560 606 ‘limpi-

405 626 565 685 dus'
616 631 676 686 et
719 633 1036 705 propterea
1077 630 1237 706 quod
1286 629 1670 706 ‘lymphae
1718 650 1938 710 aquae,
2005 634 2371 709 nymphae
2418 634 2560 690 deae

402 728 575 803 sunt'‚
619 729 1053 808 ‘lympham'
1096 730 1336 807 linguae
1381 731 1630 792 Latinae
1674 732 1936 794 vindico.

1344 938 1615 978 marmor.

407 1038 549 1098 Cum
582 1032 981 1118 μάρμαρος
1013 1040 1168 1115 apud
1205 1030 1532 1099 Homerum
1568 1060 1776 1101 saxum
1808 1043 2214 1103 tantummodo
2246 1041 2558 1117 significet,

406 1146 467 1202 et
511 1142 682 1200 radix
732 1142 794 1200 in
845 1141 1052 1217 lingua
1098 1141 1454 1202 Sanseritioa
1504 1145 1711 1203 eadem
1761 1144 2193 1220 significatione
2237 1150 2428 1218 extet,
2475 1180 2560 1188 —

405 1249 592 1303 ‘mrn
618 1243 880 1303 -maru'
923 1248 991 1302 ut
1026 1243 1292 1304 Pietetus
1344 1245 1487 1320 orig.
1522 1247 1761 1306 Indeur.
1799 1248 1860 1319 Ι,
1913 1251 2027 1305 132
2082 1247 2256 1306 affert
2298 1282 2378 1290 ——
2428 1268 2561 1307 eum

403 1347 578 1405 Saalf.
627 1346 731 1425 qui
765 1365 970 1405 vocem
1001 1346 1248 1406 assumit
1283 1366 1405 1406 non
1440 1347 1610 1407 facio.
1702 1349 1975 1408 Ceterum
2009 1350 2138 1426 ipsa
2183 1351 2370 1409 forma
2414 1349 2562 1408 eivi-

404 1448 544 1508 tatis
592 1450 891 1508 Romanae
951 1448 1120 1508 testis
1179 1449 1327 1508 mihi
1373 1450 1641 1523 videtur,
1710 1472 1841 1510 oum
1886 1451 2041 1511 sicut
2100 1444 2560 1530 ”βάρβαρος’

405 1550 823 1610 ‘barbarus’
875 1553 1095 1612 factum
1144 1551 1252 1626 sit,
1296 1552 1382 1612 ita
1429 1545 1888 1633 ’μάρμαρος’
1933 1552 2418 1627 ‘marmarus'‚
2463 1554 2562 1612 vel

404 1657 630 1713 mutato
673 1656 921 1714 fortasse
965 1674 1182 1730 genere
1227 1654 1726 1715 ‘marmarum’
1771 1656 2074 1717 evasisset.

1393 1861 1563 1922 cupa.

406 1960 741 2041 ‘Cupam’
787 1983 905 2023 non
955 1983 1080 2023 esse
1127 1955 1439 2038 ’κώπην
1496 1982 1689 2041 neque
1735 1982 1936 2021 ansam
1985 1962 2271 2021 molarum
2316 1961 2560 2022 olearia-

406 2087 537 2126 rum
584 2068 686 2125 sed
733 2086 836 2127 vas
885 2066 950 2125 in
1003 2067 1159 2145 quod
1196 2065 1390 2125 oleum
1424 2065 1771 2138 indebatur,
1820 2065 2008 2125 Corss.
2045 2067 2287 2141 Ausspr.
2324 2066 2387 2137 Ι,
2436 2070 2555 2121 352

408 2189 542 2228 ann.
590 2189 667 2228 ex
718 2167 863 2227 loeis
906 2166 1145 2227 Catonis
1183 2169 1257 2226 de
1302 2187 1349 2227 r.
1382 2187 1429 2227 r.
1470 2167 1917 2228 demonstravit.
2008 2165 2334 2243 ‘Cupam'
2377 2166 2561 2240 igitur
2677 2200 2688 2210 ·

408 2273 482 2329 ad
513 2270 932 2330 Sanseritieum
965 2271 1297 2346 ‘kfipa-s'
1330 2269 1631 2346 pertinere
1666 2274 1927 2345 apparet.
2002 2270 2073 2327 ef.
2109 2269 2267 2326 Curt.
2302 2268 2557 2327 Grundz.

408 2394 504 2434 no.
541 2372 685 2444 83b3
734 2374 921 2433 Corss.
959 2378 1202 2450 Ausspr.
1235 2375 1284 2446 I,
1319 2378 1470 2446 5463
1519 2372 1669 2432 Fiek
1704 2371 1959 2432 sztb.
1999 2372 2079 2445 ΙΙ,
2120 2377 2262 2431 439.

1309 2560 1665 2620 bracchium.

409 2683 772 2742 Persuadere
816 2680 964 2741 mihi
1011 2700 1127 2741 non
1169 2700 1406 2758 possum
1455 2700 1690 2754 vocem,
1755 2701 1872 2761 qua
1915 2679 2178 2758 eorporis
2230 2700 2365 2757 pars
2408 2680 2566 2739 indi-

411 2791 605 2858 catur,
651 2786 703 2844 si
743 2805 988 2863 peregre
1021 2784 1311 2860 venisset,
1358 2784 1475 2843 alia
1507 2783 1607 2843 via
1642 2804 1818 2863 quam
1858 2803 1966 2861 per
2009 2783 2267 2842 medicos
2310 2783 2563 2843 venisse.

413 2888 555 2947 Cum
589 2908 730 2947 vero
769 2887 975 2947 Graeci
1025 2887 1239 2947 medici
1271 2886 1509 2947 Catonis
1559 2888 1792 2945 demum
1839 2890 2031 2946 aetate
2067 2887 2291 2946 Romae
2335 2867 2565 2946 tantum

411 2991 695 3063 valerent,
741 2996 809 3050 ut
839 3010 947 3068 per
982 3010 1104 3050 rem
1135 2989 1421 3049 medicam
1459 3009 1644 3049 novas
1681 3010 1857 3050 voees
1888 2989 2086 3049 illatas
2123 3009 2250 3049 esse
2281 2988 2565 3048 credibile

414 3093 515 3166 sit,
575 3092 916 3152 bracchium
950 3097 1174 3166 autem,
1235 3097 1300 3151 ut
1348 3111 1425 3151 ex
1458 3092 1671 3152 Plauto
1711 3096 1904 3169 patet,
1962 3092 2081 3152 iam
2121 3097 2297 3152 antea
2326 3090 2567 3151 tritissi-

413 3216 572 3254 mum
606 3195 958 3255 voeabulum
1005 3199 1186 3267 esset,
1248 3194 1519 3273 quamvis
1564 3175 1921 3272 βραχίονί
1969 3194 2221 3252 similius
2257 3213 2432 3271 quam
2463 3193 2565 3275 *lae

412 3297 554 3357 laeti
594 3297 699 3371 sit,
744 3297 1189 3358 translationem
1222 3296 1478 3356 alienam
1512 3298 1678 3354 ducO.
1767 3295 2039 3354 Pertinet
2085 3300 2242 3354 certe
2279 3296 2353 3352 ad
2387 3293 2565 3351 Grae-

413 3400 683 3461 ooitaliea
716 3404 1011 3478 tempora,
1057 3420 1254 3479 neque
1287 3399 1351 3458 in
1388 3399 1496 3458 tali
1532 3417 1677 3458 voce
1710 3397 1923 3457 mirum
1958 3396 2152 3457 videri
2197 3400 2396 3473 potest
2422 3393 2567 3453 alias

414 3503 814 3564 derivationes
859 3501 1120 3563 eiusdem
1166 3501 1371 3580 stirpis
1416 3503 1639 3561 deesse.

1368 3692 1614 3768 clepere.

417 3814 575 3873 Curt.
610 3812 870 3873 Grundz.
925 3831 1018 3872 no,
1053 3817 1133 3871 58
1173 3810 1413 3872 Graecis
1460 3815 1523 3871 et
1559 3808 1826 3871 Gothicis
1869 3807 2173 3876 vocabulis
2219 3803 2569 3883 comparatis

416 3917 672 3974 radicem
713 3915 975 3974 omnium
1022 3934 1388 3975 communem
1437 3934 1565 3974 esse
1614 3911 1852 3990 ‘klap'
1903 3911 2181 3972 ostendit.
2271 3911 2438 3968 Idem
2483 3909 2569 3965 fa'·

417 4017 585 4074 ciunt
634 4017 821 4075 Corss.
862 4021 1106 4094 Ausspr.
1148 4018 1210 4091 1,
1246 4024 1400 4090 400,
1441 4022 1592 4091 461,
1630 4022 1739 4088 623
1800 4015 1949 4074 Piek
1989 4013 2241 4072 sztb.
2280 4013 2378 4083 ΙΙ,
2424 4015 2567 4069 443.

420 4116 551 4180 Qua
579 4119 652 4175 de
688 4137 753 4175 re
785 4138 960 4197 quam
995 4124 1154 4178 recte
1199 4120 1599 4180 iudicaverint
1630 4120 2011 4178 monumenta
2047 4116 2288 4192 linguae
2321 4113 2570 4173 Latinae
