2946 4700
1430 296 1471 359 6

375 452 838 514 tiocinationem.
906 444 1053 510 Nam
1082 470 1318 531 quaeso,
1354 452 1646 530 quomodo
1673 449 1802 509 fieri
1832 454 2046 527 potest,
2083 454 2151 509 ut
2182 450 2437 527 populus
2461 447 2527 509 in

377 577 460 630 re,
502 576 653 636 quae
689 557 764 613 ad
793 573 1120 613 sermonem
1151 553 1417 630 pertinet
1449 552 1878 632 quotidianum,
1923 573 2128 613 vocem
2163 560 2356 613 sumat
2386 553 2528 612 alie·

378 679 531 732 nam,
573 677 737 718 suam
769 657 945 735 plane
975 655 1226 729 omittat,
1269 660 1339 716 ut
1370 656 1499 715 eius
1531 655 1983 732 nec-vestigium
2015 676 2125 715 nec
2156 656 2294 715 vola
2325 676 2529 733 super-

379 760 494 821 sit?
550 760 853 824 Quaenam
884 757 1002 819 fuit
1026 778 1217 831 causa,
1255 762 1323 817 ut
1352 757 1460 817 tali
1492 757 1579 817 rei
1606 777 1820 817 nomeu
1846 757 2221 835 peregrinum
2254 760 2530 818 daretur?

380 865 568 923 Corss.
609 861 880 940 exempla
915 862 1090 921 affert
1134 863 1190 920 ‘d
1208 880 1236 920 r
1248 881 1325 920 ac
1342 881 1374 920 o
1391 881 1431 920 n
1449 881 1481 920 e
1495 859 1571 920 m'
1621 866 1682 921 et
1732 861 1818 920 ‘le
1832 881 1864 920 o
1880 881 1920 920 n
1932 880 1963 919 e
1980 859 2072 933 m’,
2121 859 2226 940 qui
2256 859 2529 921 similiter
2627 926 2634 931 ,

380 963 812 1044 antiquissimis
865 963 1229 1041 temporibus
1274 963 1340 1023 in
1386 962 1873 1023 consuetudinem
1909 965 2307 1022 Romanorum
2350 982 2531 1022 vene·

380 1072 552 1139 runt;
607 1071 810 1126 monet
838 1066 1103 1126 Plinium
1148 1065 1388 1146 quidem
1420 1066 1608 1125 multa
1640 1065 1863 1125 Graeca
1897 1064 2139 1124 nomina
2170 1064 2531 1138 animalium,

379 1172 740 1249 plantarum,
784 1168 1051 1245 lapidum
1084 1188 1386 1245 usurpare.
1475 1172 1559 1227 At
1592 1188 1685 1227 res
1734 1167 1975 1227 minime
2006 1171 2147 1227 sunt
2191 1185 2531 1244 comparan-

382 1274 508 1332 dae.
596 1268 727 1347 Age
763 1271 921 1330 euim
955 1272 1285 1330 accuratius
1319 1271 1642 1344 videamus,
1687 1271 1979 1350 quomodo
2011 1274 2071 1330 et
2100 1269 2268 1329 cuius
2299 1269 2531 1346 generis

382 1375 672 1435 vocabula
712 1373 1027 1451 peregrina
1065 1379 1389 1433 sumantur.
1479 1374 1612 1434 Duo
1645 1378 1785 1432 sunt
1817 1373 1998 1433 rivuli
2031 1391 2139 1450 per
2174 1393 2321 1454 quos
2364 1391 2532 1449 pere-

383 1477 556 1554 grina
586 1496 662 1536 ex
700 1477 885 1536 altera
922 1475 1129 1552 lingua
1162 1475 1227 1534 in
1262 1475 1506 1535 alteram
1545 1480 1818 1535 manant:
1877 1495 1986 1552 per
2018 1474 2429 1534 commercium
2474 1478 2536 1534 et

384 1597 491 1656 per
525 1578 772 1639 litteras.
860 1579 979 1638 Per
1026 1559 1438 1638 commercium
1487 1578 1654 1638 varia
1700 1597 1919 1654 genera
1965 1577 2210 1637 intrant.
2310 1577 2533 1636 Partim

383 1682 592 1741 harum
642 1701 835 1741 rerum
891 1686 1060 1753 sunt,
1122 1699 1272 1759 quae
1325 1682 1400 1739 ad
1449 1679 1612 1740 vitae
1666 1699 1836 1739 usum
1890 1679 2231 1758 cultumque
2275 1680 2534 1739 Deorum

385 1785 718 1861 pertinent.
751 1784 1086 1864 quibusque
1143 1783 1399 1861 populus
1458 1783 1651 1842 adhuc
1710 1784 1946 1842 carebat
1999 1786 2070 1841 ut
2122 1788 2342 1859 ‘purp
2362 1780 2536 1855 ura',

381 1884 720 1963 ‘Apollo'3
767 1886 984 1964 partim
1014 1885 1268 1958 illarum,
1305 1904 1454 1964 quae
1488 1889 1662 1944 antea
1695 1884 1934 1963 quidem
1963 1884 2082 1945 iam
2111 1880 2175 1943 iu
2208 1904 2319 1944 usu
2349 1889 2536 1956 erant,

384 1992 489 2049 sed
511 1987 847 2049 'mutatione
875 1987 1075 2068 aliqua
1105 2007 1238 2047 cum
1272 1987 1421 2065 ipsis
1465 1988 1623 2046 facta
1658 1987 1827 2067 quasi
1861 2006 2081 2047 novum
2116 1986 2261 2067 quid
2288 1986 2412 2047 sint
2443 2007 2538 2047 ac-

387 2090 718 2168 cipiuntur,
763 2095 833 2150 ut
874 2092 932 2149 ‘b
948 2088 1297 2151 alineum'
1340 2096 1397 2167 ‘p
1412 2087 1724 2163 aeuula’;
1769 2088 1984 2165 partim
2020 2082 2280 2169 denique
2312 2089 2538 2162 talium,

388 2210 540 2273 quae
570 2195 644 2252 ad
674 2193 868 2270 ipsam
903 2192 1089 2253 vitam
1124 2211 1243 2253 non
1278 2192 1529 2251 multum
1561 2192 1794 2264 valent,
1837 2190 2143 2251 occasione
2172 2196 2369 2251 tamen
2401 2193 2538 2250 data
2633 2246 2636 2249 .

389 2296 823 2372 'cognoscuntur
859 2299 922 2355 et
954 2300 1266 2355 sumuntur
1299 2300 1368 2355 ut
1404 2291 1786 2355 ‘balaena'
1826 2292 2230 2372 ‘polypus’.
2317 2293 2538 2354 Evenit

391 2416 628 2481 quoque
662 2415 1019 2477 quamquam
1066 2397 1274 2474 primis
1306 2397 1642 2457 commercii
1673 2397 2041 2474 temporibus
2071 2396 2292 2470 rarius,
2334 2400 2402 2456 ut
2431 2416 2535 2455 no-

389 2501 613 2573 tiones,
661 2518 812 2579 quae
847 2502 920 2558 de
952 2503 1151 2562 mente
1183 2503 1247 2559 et
1278 2498 1520 2573 ingenio
1553 2503 1719 2572 sunt,
1765 2500 1875 2558 hac
1902 2498 2003 2559 via
2034 2519 2167 2559 cum
2200 2498 2538 2560 nominibus

388 2602 747 2679 immigrant.
851 2602 967 2662 Per
1020 2601 1251 2662 litteras
1305 2602 1582 2662 notiones
1632 2607 1694 2664 et
1740 2601 1984 2662 nomina
2031 2601 2405 2679 potissimum
2448 2601 2541 2660 in-

391 2712 568 2780 trant,
616 2723 769 2787 quae
801 2706 876 2765 ad
910 2722 1101 2766 mores
1134 2708 1196 2764 et
1224 2705 1299 2764 ad
1331 2710 1488 2764 artes
1524 2697 1813 2781 spectant,
1855 2711 1924 2765 ut
1957 2703 2360 2765 ‘cinaedus'
2399 2709 2540 2764 ‘so-

391 2831 429 2887 p
446 2807 605 2882 hia’,
664 2826 1020 2888 quamquam
1049 2810 1112 2866 et
1145 2807 1336 2867 tribus
1374 2805 1500 2866 illis
1530 2826 1728 2867 rerum
1765 2813 1826 2866 et
1874 2805 2179 2867 nominum
2225 2806 2542 2883 generibus

392 2931 570 2989 supra
602 2910 891 2988 expositis
922 2910 1023 2969 via
1053 2929 1162 2986 per
1193 2929 1291 2969 eas
1328 2915 1522 2987 patet,
1568 2909 1914 2987 praesertim
1948 2928 2081 2969 cum
2125 2908 2444 2987 scriptores
2476 2908 2542 2969 in

394 3012 822 3073 transferendis
851 3011 1022 3070 libris
1052 3011 1387 3088 peregrinis
1417 3031 1538 3072 non
1573 3011 1717 3071 satis
1750 3017 1890 3089 apta
1920 3011 2204 3072 vocabula
2237 3012 2304 3071 in
2339 3012 2545 3089 lingua

395 3114 591 3193 patria
620 3114 894 3185 habeant,
939 3117 1041 3172 aut
1074 3114 1390 3189 peregrina
1424 3115 1627 3194 aliqua
1656 3116 1810 3175 fama
1846 3134 2039 3173 rerum
2073 3114 2321 3175 niteant.
2408 3116 2545 3175 Non

392 3216 607 3276 mirum
639 3215 825 3290 igitur
861 3220 952 3274 est
980 3214 1308 3288 Romanos,
1353 3235 1485 3275 cum
1516 3216 1582 3275 in
1621 3217 1791 3276 Latio
1828 3235 1938 3276 nec
1968 3219 2251 3276 dracones
2281 3236 2391 3276 nec
2423 3218 2542 3276 leo-

395 3337 502 3379 nes
531 3321 743 3391 essent,
786 3317 891 3376 ubi
922 3317 1179 3395 primum
1209 3317 1354 3378 talia
1383 3337 1511 3378 esse
1543 3319 1824 3379 animalia
1850 3340 1884 3378 a
1915 3319 2154 3379 Graecis
2182 3320 2280 3378 vel
2309 3317 2540 3377 Latinis

396 3424 616 3482 Graece
646 3419 703 3499 ¹)
752 3420 1136 3500 loquentibus
1180 3420 1568 3495 audiverunt,
1612 3423 1740 3495 vel,
1784 3426 1854 3482 ut
1891 3422 2010 3482 iam
2059 3421 2265 3501 quinto
2310 3420 2543 3490 saeculo

394 3525 559 3585 urbis
594 3524 725 3584 fieri
760 3524 987 3600 potuit,
1029 3523 1134 3583 ubi
1174 3524 1292 3602 ipsi
1336 3525 1576 3604 quidem
1608 3529 1811 3602 captos
1841 3531 1904 3585 et
1938 3526 2220 3585 adductos
2264 3523 2547 3600 leones2)

392 3628 704 3700 viderunt,
750 3646 965 3687 nomeu
1001 3645 1237 3706 quoque
1271 3627 1581 3705 accepisse.
1671 3629 1880 3707 Neque
1917 3627 2116 3687 minus
2144 3627 2321 3688 facile
2368 3626 2546 3686 iutel-

533 3818 584 3876 1)
622 3815 699 3863 Cf.
733 3816 956 3862 Momms.
997 3815 1204 3862 Unterit.
1242 3815 1373 3862 Dial.
1424 3829 1475 3875 p.
1511 3816 1739 3864 86—88
1791 3820 1841 3863 et
1890 3815 2137 3864 89-98.
2206 3815 2395 3861 Paulus
2431 3814 2549 3875 epit.

394 3900 529 3947 Festi
565 3914 613 3959 p.
642 3902 706 3948 35
732 3900 799 3945 M.
836 3901 1223 3961 “Bilingues
1259 3902 1608 3947 Bruttates
1643 3901 1898 3947 Ennius
1934 3893 2124 3958 dixit,
2158 3901 2322 3959 quod
2357 3901 2548 3946 Brut-

396 3985 476 4033 tii
532 3990 592 4032 et
641 4000 787 4032 osce
838 3991 896 4033 et
943 4000 1180 4046 graece
1229 3985 1415 4045 loqui
1466 3985 1650 4033 soliti
1699 3984 1900 4033 suut.''
1970 3987 2034 4033 cf.
2073 3985 2221 4033 etiam
2256 3986 2441 4046 Porph.
2481 3986 2545 4032 ad

398 4070 522 4117 Hor.
562 4075 652 4117 sat.
688 4071 726 4129 1,
766 4073 847 4130 10,
886 4074 966 4119 30.

536 4157 589 4217 2)
626 4154 856 4203 Ceterum
891 4157 1008 4216 quid
1043 4156 1269 4216 equidem
1305 4158 1368 4205 de
1405 4156 1768 4205 ‘leonibus’
1806 4155 2014 4204 sentiam
2048 4161 2223 4219 postea
2258 4155 2459 4203 dicetur.
