2946 4700
1386 250 1467 313 14

349 404 619 482 sumpta?
705 406 840 465 Non
876 404 1132 466 videtur.
1220 406 1370 464 Nam
1422 405 1473 464 si
1527 425 1603 464 ex
1650 405 1729 464 iis
1779 404 1979 480 fungis
2032 408 2215 479 esset,
2277 406 2381 485 qui
2428 409 2502 467 ad

351 507 721 567 delicatiores
753 498 848 567 res
888 507 1205 566 culinarias
1253 508 1399 566 foris
1451 507 1661 566 allatas
1707 507 2043 584 pertinent,
2088 509 2349 588 indeque
2395 526 2502 569 no-

350 631 486 669 men
518 609 808 682 traheret,
852 610 917 669 in
953 608 1102 669 o'ibis
1134 609 1667 686 sumptuosioribus
1700 611 2116 669 enumerandis
2146 610 2325 669 huius
2358 631 2502 690 quo-

353 733 469 792 que
521 712 609 771 rei
662 713 819 788 apud
866 712 1141 771 Plautum
1191 716 1259 771 ut
1307 696 1752 783 muraenarum,
1814 731 2192 788 congrorum,
2254 716 2502 776 aliorum

351 814 776 892 cuppediorum
825 813 1050 874 mentio
1105 814 1290 874 fieret.
1381 814 1600 875 Contra
1651 834 1728 873 ex
1765 814 2097 875 Horatiano
2132 837 2312 878 versu
2361 819 2501 896 (Sat.

352 920 446 990 11,
494 924 562 990 4,
609 918 715 995 20)
775 917 1197 976 “Pratensibus
1252 917 1479 994 optima
1531 916 1732 991 fungis
1790 922 2001 977 natura
2062 915 2184 978 est''
2246 908 2524 998 speeiem*

352 1022 646 1100 quandam
682 1019 858 1079 huius
893 1020 1130 1096 plantae
1162 1019 1424 1079 eiusdem
1461 1019 1721 1079 nominis
1755 1019 1819 1078 in
1853 1019 2030 1079 Italia
2053 1018 2240 1080 'vilem
2275 1041 2343 1101 ao
2372 1023 2504 1081 vul-

352 1142 548 1196 garem
571 1121 755 1182 fuisse
784 1120 985 1197 colligi
1017 1126 1228 1197 potest.
1289 1122 1565 1180 Fortasse
1598 1120 1757 1180 enim
1792 1120 1974 1181 dictio
1997 1122 2207 1182 Bacch.
2240 1125 2502 1197 “tantist,

352 1224 619 1304 quantist
666 1226 884 1300 fungus
932 1224 1212 1301 putidus''
1257 1226 1330 1283 ad
1364 1223 1657 1283 vilitatem
1705 1222 1944 1299 plantae
1988 1226 2501 1286 demonstrandam

351 1329 468 1387 huo
498 1326 656 1386 trahi
686 1332 901 1403 potest.
975 1326 1211 1386 Etenim
1243 1325 1588 1386 Plautinum
1622 1330 1779 1385 certe
1811 1331 1967 1386 esset
1997 1328 2298 1387 hominem
2326 1328 2502 1387 nihili

352 1432 481 1489 ioco
532 1429 907 1489 acerbissimo
945 1433 1007 1489 et
1040 1429 1275 1489 vilitate
1309 1428 1479 1503 fungi
1531 1448 1639 1505 per
1677 1449 1741 1488 se
1790 1433 1850 1498 et
1897 1428 2075 1488 etiam
2113 1430 2334 1490 maiore
2365 1431 2502 1490 vili-

353 1539 475 1593 tate
506 1532 676 1608 fungi
708 1532 903 1608 putidi
935 1531 1253 1608 dupliciter
1283 1531 1454 1611 quasi
1488 1531 1838 1606 significare.
1915 1530 2286 1611 Quamquam
2318 1534 2500 1591 verbo

354 1632 727 1715 ‘putidus'
774 1635 1077 1712 provisum
1127 1639 1243 1705 est,
1304 1641 1372 1695 ut
1417 1633 1622 1692 vilitas
1668 1639 1931 1706 maneat,
1990 1630 2224 1693 etiamsi
2266 1635 2329 1693 in
2373 1635 2502 1711 ipso

353 1740 536 1814 fungo
571 1737 685 1796 sita
723 1757 841 1797 non
887 1743 991 1797 est.
1080 1735 1312 1798 Quibus
1341 1737 1522 1795 rebus
1554 1756 1760 1795 vocem
1813 1735 2054 1813 proprio
2093 1756 2269 1796 sensu
2315 1743 2504 1797 trans-

354 1843 533 1901 latam
565 1859 692 1899 esse
739 1860 871 1900 oum
905 1840 1243 1912 refellatur,
1302 1859 1431 1898 eam
1468 1837 1752 1898 translato
1785 1828 1988 1910 sensu,
2048 1840 2120 1897 de
2165 1859 2281 1918 quo
2325 1859 2503 1914 supra

356 1945 578 2005 dictum
610 1947 731 2014 est,
776 1941 1059 2018 migrasse
1094 1941 1272 2001 etiam
1305 1941 1503 2001 minus
1531 1940 1780 2017 cogitari
1817 1944 2044 2018 potest,
2090 1960 2219 2001 cum
2255 1942 2501 2000 Graeco-

355 2067 486 2107 rum
518 2038 885 2123 ’σφόγγον
920 2045 1031 2103 hoo
1068 2046 1241 2104 modo
1274 2044 1557 2103 usitatum
1589 2042 1772 2103 fuisse
1804 2063 1880 2102 ne
1909 2043 2228 2119 vestigium
2263 2043 2502 2122 quidem

357 2154 540 2208 extet.
626 2149 720 2205 Ex
769 2146 977 2223 primis
1017 2145 1202 2221 igitur
1243 2146 1611 2222 temporibus
1642 2144 2139 2205 Graeooitalorum
2177 2146 2324 2205 mihi
2370 2147 2504 2227 qui-

357 2254 490 2310 dem
529 2249 819 2324 originem
860 2250 1076 2308 habere
1118 2249 1371 2309 videtur.
1459 2248 1552 2307 De
1586 2247 1799 2307 amisso
1844 2247 1907 2307 ‘s'
1954 2249 2026 2306 of.
2066 2243 2397 2321 ‘omnium’
2446 2255 2507 2308 et

1191 2348 1426 2384 ’⁸3’

358 2456 589 2518 Latinis
633 2456 861 2534 priscae
904 2454 1130 2515 aetatis.

1338 2652 1521 2704 cento.

360 2767 492 2832 Quo
539 2766 668 2827 iure
708 2788 742 2826 a
772 2765 947 2827 Saalf.
985 2786 1115 2826 oum
1152 2767 1373 2825 Graeco
1422 2762 1737 2846 ικέντριιι)
1752 2761 1811 2825 ν’
1859 2769 2247 2843 componatur
2289 2763 2501 2824 neseio.

359 2872 508 2930 Nam
541 2891 651 2930 neo
680 2871 774 2931 vis
807 2870 1094 2929 eiusmodi
1132 2876 1248 2942 est,
1292 2874 1360 2928 ut
1391 2870 1567 2928 facile
1602 2871 1675 2928 de
1705 2869 2093 2930 translatione
2130 2869 2503 2943 cogitandum

359 2974 456 3044 sit,
500 2992 609 3030 nee
643 2971 891 3032 mutatio
923 2992 1217 3032 sonorum.
1296 2971 1602 3032 -Centones
1636 2991 1839 3032 omnes
1871 2972 2112 3052 quidem
2146 2969 2352 3049 populi
2387 2968 2504 3045 ipsi

359 3076 610 3144 habent3
655 3069 885 3152 ικένιερ
905 3095 994 3133 ων
1009 3072 1064 3131 α’
1100 3078 1296 3134 autem
1332 3074 1521 3134 nihilo
1558 3074 1751 3134 secius
1784 3073 1930 3134 foris
1965 3074 2220 3150 petitum
2253 3070 2507 3131 Romani

361 3181 520 3236 certe
553 3173 955 3234 ‘centrum’
995 3175 1578 3253 pronunciavissent,
1622 3196 1754 3237 oum
1790 3198 1823 3237 e
1859 3176 2092 3253 legibus
2124 3176 2362 3250 linguae
2394 3173 2506 3231 La·-

359 3280 521 3341 tinae
559 3278 712 3338 nihil
749 3277 934 3338 fuerit
965 3298 1174 3338 causae
1206 3279 1574 3340 mutationis.
1662 3280 2165 3340 Considerandum
2201 3276 2380 3335 etiam
2416 3278 2507 3331 est

361 3383 642 3442 Graecam
672 3401 878 3442 vocem
908 3402 979 3441 ea
1014 3381 1465 3457 significatione,
1509 3388 1579 3442 ιιι
1610 3382 1691 3443 sit
1723 3383 1952 3462 aliquid
1988 3401 2064 3441 ex
2098 3378 2314 3458 pannis
2351 3397 2508 3436 eom-

360 3485 636 3564 positum,
679 3505 713 3543 a
742 3483 1167 3561 posterioribus
1198 3489 1429 3546 tantum
1461 3485 1852 3563 scriptoribus
1888 3483 2182 3562 usurpari,
2225 3487 2296 3541 ut
2330 3482 2511 3540 Grae-

363 3609 460 3648 cos
491 3608 526 3647 a
552 3586 836 3647 Romanis
884 3608 1059 3667 quam
1095 3590 1392 3648 Romanos
1425 3609 1459 3648 a
1493 3588 1737 3648 Graecis
1771 3609 1899 3649 eam
1933 3587 2231 3665 accepisse
2268 3584 2399 3646 veri
2429 3582 2511 3642 si-

361 3691 561 3751 milius
603 3690 892 3750 videatur.

1327 3882 1541 3939 cicens.

360 4000 437 4057 In
472 3996 579 4056 tali
611 4016 676 4056 re
710 3999 783 4056 de
815 3996 1130 4057 tralatione
1167 3998 1543 4073 cogitandum
1578 4019 1694 4060 non
1728 4018 1855 4059 esse
1889 4018 1966 4056 ex
2000 3998 2094 4071 iis,
2139 4015 2293 4077 quae
2330 4010 2510 4070 supra

364 4103 438 4161 de
469 4099 533 4160 vi
569 4098 985 4159 vocabulorum
1031 4100 1265 4177 saepius
1314 4101 1472 4161 dieta
1516 4107 1686 4173 sunt,
1746 4101 1889 4160 satis
1938 4106 2203 4178 apparet.
2292 4096 2514 4161 Quam-
