2946 4700
1407 297 1490 363 10

1356 461 1545 529 slega.

370 570 568 629 Radix
605 576 695 631 est
729 570 970 648 ‘stag'.
1059 573 1233 631 Hanc
1266 592 1503 651 quoque
1544 591 1744 630 vocem
1779 571 1865 629 rci
1900 571 2128 630 navalis
2167 593 2294 630 cum
2334 574 2521 632 Corss.

371 678 614 750 Ausspr.
654 677 714 746 Ι,
752 680 908 747 452,
946 681 1024 733 53
1073 681 1239 734 “cum
1275 676 1496 734 Graece
1535 670 1708 752 στέγη
1755 695 2073 752 numquam
2117 674 2289 733 navis
2323 674 2536 751 stega'''

371 776 478 848 sit,
525 778 866 837 translatam
914 797 1081 852 nego.
1174 776 1366 837 Aliter
1410 776 1595 837 sentit
1636 777 1810 836 Saalf.
1858 777 1979 836 ind.
2030 778 2127 836 76.

1399 987 1491 1025 en.

368 1084 725 1144 Particulam
771 1083 922 1145 ‘cn’
969 1085 1034 1144 in
1084 1083 1385 1144 codicibus
1433 1067 1674 1165 quidem
1716 1084 1916 1143 Plauti
1958 1083 2255 1144 rarissime
2300 1091 2522 1159 extare,

368 1190 470 1245 scd
505 1189 852 1267 plerumque
885 1188 1218 1247 restitutam
1251 1207 1327 1246 ex
1357 1186 1571 1246 ‘hem'
1611 1206 1738 1246 csse
1768 1207 1801 1245 a
1839 1187 2045 1246 Herm.
2081 1192 2141 1247 et
2168 1186 2396 1246 Ritsch.
2432 1209 2521 1246 sa-

368 1290 446 1348 tis
493 1295 737 1350 constat.
826 1291 1090 1349 Rectene
1140 1289 1394 1349 fecerint
1429 1308 1642 1362 necne,
1693 1308 1813 1347 non
1849 1294 1939 1347 est
1971 1290 2147 1348 huius
2182 1290 2297 1350 loci
2344 1311 2520 1369 quao-

368 1412 527 1463 rcre3
572 1392 744 1452 nobis
778 1394 851 1452 de
884 1392 1114 1468 origine
1146 1392 1468 1451 videndum
1506 1397 1611 1452 est.
1674 1391 1854 1450 Hand
1888 1391 2055 1450 Turs.
2088 1392 2170 1464 II,
2203 1393 2323 1451 367
2361 1399 2519 1453 recte

368 1496 441 1552 de
476 1484 585 1554 hac
616 1473 762 1554 voce
805 1494 1097 1554 iudicasse
1126 1494 1366 1553 videtur
1395 1514 1527 1554 cum
1564 1493 1722 1553 dicat
1765 1498 1875 1552 “en
1916 1513 1991 1552 ex
2027 1512 2235 1567 graeco
2270 1487 2373 1570 ἠνί
2414 1515 2520 1571 per

366 1617 668 1674 apocopen
707 1598 927 1657 factum
977 1596 1219 1673 plurimi
1271 1595 1641 1672 perhibenti
1683 1595 1787 1655 alii
1825 1616 1899 1654 ex
1939 1596 2193 1655 hebraeo
2231 1598 2517 1656 vocabulo

365 1701 682 1758 deducunt.
758 1704 839 1760 At
869 1700 1046 1759 huius
1079 1699 1314 1776 generis
1346 1700 1529 1758 verba
1558 1700 1688 1776 ipsa
1723 1704 1933 1759 natura
1963 1698 2247 1777 cuiusque
2281 1699 2520 1775 linguae

366 1802 763 1878 suppeditat.”
849 1802 1096 1861 Probari
1151 1821 1388 1881 quoque
1437 1807 1635 1878 potest
1669 1803 1827 1881 quod
1857 1801 2072 1862 deinde
2106 1803 2356 1878 exponit
2388 1822 2522 1879 par-

366 1905 608 1963 ticulam
652 1905 816 1964 illam
855 1925 931 1964 ex
972 1905 1040 1962 ‘e'
1086 1903 1476 1964 monstrativo
1509 1904 1683 1963 litera
1717 1905 1882 1963 finali
1918 1900 1993 1963 ‘n'
2030 1905 2308 1964 adiuncta
2342 1906 2520 1982 origi-

369 2027 505 2065 nem
548 2007 792 2084 cepisse.
832 2028 836 2033 ·
882 2008 1146 2065 Eandem
1191 2005 1548 2066 sententiam
1588 2013 1649 2065 et
1696 2007 2112 2084 etymologiam
2151 2012 2387 2066 secutus
2431 2013 2521 2068 est

366 2109 632 2169 Schoem.
684 2110 878 2169 Lehre
930 2130 987 2170 v.
1044 2112 1099 2171 d.
1136 2111 1386 2171 Redeth.
1440 2131 1499 2188 p.
1548 2115 1683 2171 189.
1786 2110 1871 2171 cf.
1918 2110 2098 2170 etiam
2142 2111 2282 2170 Pott
2323 2112 2518 2188 Etym.

371 2211 611 2270 Forsch.
657 2213 715 2285 Ι,
763 2218 903 2273 416.

1289 2395 1432 2455 atat,
1484 2387 1597 2443 eia.

367 2502 585 2561 Mirum
626 2508 716 2563 cst
749 2502 1084 2576 Handium,
1145 2503 1249 2583 qui
1299 2504 1367 2562 in
1410 2499 1559 2563 ‘en'
1607 2502 1960 2579 explicando
2009 2502 2297 2562 vocabula
2340 2501 2523 2562 animi

368 2607 617 2665 affectus
650 2605 1052 2682 significantia
1084 2625 1333 2683 peregre
1357 2607 1486 2683 peti
1509 2626 1628 2665 non
1655 2606 1844 2666 solere
1865 2611 2024 2665 recte
2058 2605 2293 2685 quidem
2318 2605 2521 2678 sensit,

369 2711 442 2768 de
490 2708 1004 2768 interiectionibus
1048 2707 1264 2769 ‘atat'
1307 2706 1620 2769 ‘atatae'
1665 2708 1842 2767 ‘eia'
1888 2708 2061 2768 aliter
2110 2727 2349 2778 censere
2392 2713 2453 2766 et
2488 2728 2523 2765 a

368 2811 589 2871 Graeco
617 2832 729 2872 usu
761 2830 858 2870 eas
890 2812 1195 2871 deducere.
1260 2810 1423 2874 Quae
1455 2812 1695 2891 quidem
1724 2810 2038 2883 sententia,
2078 2815 2362 2889 quantum
2383 2809 2523 2882 scio,

367 2916 525 2990 apud
553 2921 778 2975 ceteros
809 2934 1045 2994 quoque
1078 2916 1238 2974 viros
1270 2917 1472 2975 doctos
1498 2915 1677 2975 valet.
1735 2917 1818 2976 At
1843 2913 2294 2973 similitudinem
2327 2918 2522 2972 exter-

369 3035 521 3088 nam,
560 3037 677 3096 qua
709 3019 855 3076 haec
886 3017 1182 3077 sententia
1201 3017 1432 3090 nititur,
1463 3017 1698 3077 minimi
1721 3036 1848 3076 esse
1873 3016 2152 3076 momenti
2180 3036 2318 3076 mox
2342 3036 2523 3093 appa-

369 3118 544 3191 rebit,
575 3119 626 3177 si
648 3119 1219 3179 consideraverimus
1248 3120 1311 3178 in
1337 3131 1549 3179 natura
1577 3140 1771 3179 rerum
1795 3119 2052 3196 positum
2075 3137 2218 3192 esse,
2249 3125 2319 3179 ut
2341 3119 2522 3177 iidem

369 3220 668 3298 simplices
698 3222 881 3282 animi
905 3223 1151 3281 affectus
1183 3224 1418 3281 eosdem
1442 3222 1741 3298 simplices
1765 3242 1939 3281 sonos
1969 3224 2126 3298 apud
2150 3223 2401 3297 populos
2430 3240 2524 3279 co-

370 3330 595 3400 gnatOS,
629 3325 692 3383 id
715 3331 806 3384 est
829 3325 889 3382 in
916 3324 1129 3396 animis
1158 3325 1285 3401 pari
1312 3328 1484 3385 modo
1509 3325 1827 3408 institutis,
1859 3324 2266 3401 produxerint.
2312 3324 2524 3381 Nonne

368 3448 477 3488 nos
523 3448 757 3508 quoque
794 3430 1040 3487 eandem
1082 3429 1208 3487 fere
1243 3428 1748 3500 interiectionem,
1806 3427 1932 3486 ‘ei'
1988 3426 2146 3499 dico,
2201 3422 2524 3492 habemus?

368 3535 466 3590 An
503 3531 813 3611 quisquam
845 3539 937 3591 est
970 3531 1076 3610 qui
1099 3532 1300 3590 credat
1331 3551 1439 3591 nos
1460 3532 1610 3590 illud
1643 3531 1768 3589 ‘ci’
1800 3551 1834 3590 a
1853 3529 2093 3588 Graecis
2126 3530 2225 3590 vel
2242 3519 2526 3588 Romanis

369 3638 606 3694 tandem
640 3632 954 3694 didicisse?
1041 3633 1395 3693 Desinamus
1428 3634 1614 3709 igitur
1658 3633 1722 3692 in
1772 3632 1869 3692 his
1904 3634 2081 3692 rebus
2103 3631 2160 3709 ι)
2199 3630 2527 3690 diiudican-

370 3737 461 3796 dis
493 3738 737 3797 formam
772 3742 1077 3797 externam
1113 3736 1266 3796 tanti
1302 3739 1580 3814 pondere.
1668 3736 1781 3794 Sed
1837 3736 1903 3794 in
1952 3732 2171 3794 ‘atat’
2216 3753 2527 3810 argumen-

369 3845 494 3897 tum
543 3841 720 3900 etiam
752 3859 829 3899 ex
861 3860 930 3900 eo
965 3839 1220 3913 accedit,
1269 3843 1427 3919 quod
1463 3840 1605 3899 Cato
1651 3839 1714 3897 in
1746 3838 2012 3898 oratione
2055 3838 2306 3916 quadam
2340 3835 2524 3911 (Jord.

371 3960 427 4016 p.
477 3943 552 3999 37
574 3987 588 4014 ,
647 3943 710 4020 6)
768 3945 878 4002 hac
923 3963 1069 4003 voce
1119 3943 1323 4003 utitur.
1424 3942 1816 4018 Peregrinum
1861 3941 2022 4001 enim
2074 3940 2125 3999 si
2174 3938 2526 3998 vocabulum

509 4165 560 4223 1)
593 4162 965 4212 Interiectiones
1000 4178 1120 4212 vero
1158 4165 1284 4212 sicut
1318 4164 1549 4225 ‘papae’
1587 4165 1649 4213 ad
1688 4164 1939 4224 simplices
1973 4162 2089 4209 illas
2127 4175 2226 4208 non
2264 4159 2525 4220 pertinent.
