2946 4700
1424 287 1465 359 3

373 450 522 511 aliae
560 471 794 531 quoque
827 451 1123 511 interdum
1159 451 1419 510 rationes
1449 451 1872 510 consociandae
1901 454 2056 524 sunt,
2104 471 2249 530 quas
2278 451 2343 510 in
2374 451 2522 528 ipsis

374 555 551 612 rebus
580 554 905 614 tractandis
937 574 1041 614 suo
1071 555 1202 613 loco
1232 554 1444 613 afferre
1477 553 1663 613 satius
1694 557 1810 626 est3
1857 574 2016 613 nunc
2044 554 2151 613 has
2180 554 2525 630 exposuisse

375 656 648 717 sufficiat.

478 784 485 789 ·
548 760 620 817 In
657 759 1007 835 colligendis
1044 759 1290 819 vocibus
1325 759 1390 818 id
1439 760 1824 836 spectandum
1861 778 2015 832 esse,
2075 762 2135 818 et
2177 762 2246 819 ut
2289 763 2529 818 enume-

377 866 585 919 rentur
619 861 887 935 singulae
922 862 1197 941 quotiens
1230 861 1618 921 inveniantur
1650 865 1712 920 et
1749 865 1818 921 ut
1853 861 1996 920 ordo
2043 865 2375 937 temporum
2406 881 2528 920 ser-

376 968 550 1023 vetur
582 964 647 1022 in
690 969 970 1041 promptu
1001 971 1109 1025 est.
1198 967 1271 1032 In
1318 964 1521 1024 multis
1558 964 1717 1023 enim
1754 963 2226 1043 quaestionibus,
2273 984 2422 1044 quae
2454 966 2529 1024 ad

379 1085 553 1124 voces
586 1067 827 1126 tralatas
865 1072 1162 1144 spectant,
1207 1068 1458 1128 multum
1507 1067 1786 1139 interest,
1833 1071 2030 1126 utrum
2067 1067 2246 1127 semel
2279 1060 2527 1140 tantum,

378 1189 452 1227 an
486 1170 753 1245 pluriens
798 1170 1200 1246 reperiantur,
1258 1175 1457 1230 utrum
1492 1171 1609 1230 iam
1657 1172 1818 1246 apud
1867 1170 2143 1250 antiquos
2191 1168 2529 1246 scriptores,

379 1291 453 1330 an
487 1273 645 1348 apud
675 1273 1030 1348 posteriores
1064 1275 1298 1333 demum
1335 1273 1398 1333 in
1427 1294 1542 1332 usu
1574 1273 1815 1332 fuerint.
1903 1274 1983 1334 Et
2017 1292 2145 1333 eam
2183 1272 2422 1353 quidem
2454 1271 2529 1331 ob

378 1393 501 1433 rem
562 1375 890 1450 neglectam
948 1395 1126 1452 supra
1178 1375 1355 1434 Saalf.
1418 1376 1792 1451 vituperatus
1855 1382 1961 1434 est.
2066 1373 2334 1438 Quonam
2387 1393 2529 1434 vero

379 1477 551 1536 modo
610 1482 781 1537 textu
840 1477 1192 1553 scriptorum
1253 1479 1542 1537 utendum
1602 1477 1732 1538 est?
1819 1478 2180 1536 Evolvamus
2222 1476 2531 1551 editiones,

381 1598 531 1657 quae
564 1579 822 1655 optimae
854 1580 1163 1652 habentur,
1209 1599 1426 1660 easque
1456 1579 1668 1640 fidenti
1704 1578 1901 1639 animo
1935 1582 2289 1659 sequamur?
2372 1579 2532 1638 Voce

379 1680 690 1740 ‘chorda’
722 1680 1055 1758 (Saalfeldii
1087 1681 1207 1741 ind.
1242 1703 1302 1759 p.
1330 1688 1408 1741 23
1445 1703 1522 1742 cx
1550 1682 1750 1743 Plauti
1781 1683 1954 1742 Most.
1983 1684 2105 1741 743
2142 1684 2230 1742 ed.
2256 1680 2532 1758 Ritsch.),

379 1790 449 1843 ut
481 1804 599 1843 uno
634 1784 839 1844 saltem
875 1784 1149 1862 exemplo
1184 1805 1278 1846 res
1314 1785 1679 1858 illustretur,
1725 1784 2007 1864 quidnam
2040 1783 2257 1844 fidncia
2287 1785 2403 1844 ista
2428 1802 2534 1843 va·

381 1886 516 1958 leat,
560 1886 703 1946 satis
736 1888 995 1946 docetur.
1085 1867 1412 1948 ‘C'horda'
1457 1889 1634 1962 enim,
1680 1889 1836 1967 quod
1878 1885 2060 1964 periti
2090 1907 2209 1947 non
2238 1886 2533 1961 ignorant,

382 1989 715 2048 emendatio
751 1988 1070 2048 Camerarii
1123 1996 1213 2049 est
1261 2010 1294 2049 a
1327 1991 1556 2050 Ritsch.
1607 1995 1668 2049 et
1714 1989 1848 2049 aliis
1896 1987 2223 2048 editoribus
2265 1992 2534 2064 recepta3

384 2090 614 2148 codices
650 2091 875 2148 habent
923 2095 1064 2149 ‘co-r
1109 2090 1494 2151 tenditur’.
1581 2086 1909 2150 ‘Chorda’
1960 2093 2157 2150 autem
2203 2091 2407 2150 funem
2435 2089 2535 2150 vel

384 2191 587 2250 restim
621 2191 963 2268 significans
990 2194 1045 2269 ¹)
1073 2193 1237 2252 nullo
1272 2193 1388 2252 alio
1425 2194 1698 2270 exemplo
1736 2213 1844 2252 nec
1879 2212 1954 2251 ex
1990 2212 2102 2253 usu
2135 2191 2393 2253 Graecae
2425 2212 2535 2252 nec

383 2294 632 2355 Latinae
660 2293 900 2371 linguae
932 2297 1362 2373 comprobatur.
1452 2295 1655 2360 Quid?
1726 2295 1985 2357 Tantine
2020 2297 2232 2357 menda
2265 2294 2537 2356 librario-

382 2399 569 2458 lorum
616 2398 989 2470 indoctorum
1024 2401 1123 2459 vel
1162 2400 1385 2459 levium
1428 2399 1746 2473 faciamus,
1789 2405 1859 2460 ut
1896 2399 2412 2460 emendationibus
2444 2399 2537 2458 vi-

382 2520 578 2560 rorum
611 2501 913 2561 doctorum
946 2501 1012 2560 in
1043 2506 1214 2562 textu
1264 2503 1678 2562 constituendo
1709 2502 1904 2563 locum
1942 2520 2062 2562 non
2093 2490 2348 2562 demus?
2419 2501 2536 2559 Mi-

385 2602 575 2662 nime:
634 2605 738 2663 sed
786 2603 849 2664 in
900 2603 1412 2666 emendationibus
1456 2605 1695 2666 utendis
1742 2623 1976 2681 semper
2022 2623 2310 2664 memores
2353 2602 2537 2662 simus

385 2724 482 2764 eas
522 2706 964 2767 emendationes
1014 2728 1142 2768 esse
1189 2712 1250 2767 et
1282 2710 1357 2767 ad
1391 2713 1652 2768 nostram
1686 2726 1810 2766 rem
1839 2707 2058 2766 iterum
2095 2704 2535 2778 examinandas,

384 2812 451 2867 ut
483 2807 845 2868 certissimae
879 2814 1110 2869 tantum
1145 2811 1559 2870 adhibeantur.
1646 2808 1884 2868 Etenim
1920 2806 2081 2866 aliud
2113 2806 2264 2865 mihi
2295 2805 2538 2866 videtur

385 2910 631 2970 editoris
678 2911 798 2984 ius,
858 2912 1021 2970 aliud
1056 2912 1210 2982 eius,
1272 2911 1376 2990 qui
1417 2911 1705 2971 vocabula
1748 2930 1826 2969 ex
1871 2908 2234 2969 editionibus
2276 2907 2538 2984 colligit:

384 3011 477 3069 illi
524 3012 685 3088 plus,
746 3012 887 3072 huic
936 3012 1134 3072 minus
1166 3012 1461 3072 libertatis
1493 3015 1695 3073 datum
1732 3016 1839 3073 est.
1926 3007 2188 3073 Editoris
2226 3011 2541 3072 correctio-

385 3132 491 3172 nes
524 3113 749 3192 quippe
775 3120 1072 3174 cumante
1107 3115 1305 3174 oeulos
1336 3115 1600 3175 omnium
1635 3115 1864 3191 positae
1897 3113 2118 3192 sint2)‚
2163 3114 2294 3175 veri
2320 3113 2541 3175 similia

385 3237 419 3276 a
465 3216 812 3277 certissimis
848 3215 1025 3277 facile
1074 3217 1495 3278 discernuntur
1513 3264 1528 3291 ,
1589 3218 1794 3297 itaque
1845 3236 1941 3277 res
1992 3216 2174 3278 sicuti*
2214 3221 2355 3277 sunt
2396 3218 2539 3277 offe*

386 3324 629 3392 runtur;
676 3341 824 3400 quae
861 3340 1003 3381 vero
1037 3341 1170 3380 cum
1208 3321 1278 3380 ‘in
1315 3322 1740 3382 vocabulorum
1773 3320 2122 3382 collectione
2153 3321 2406 3394 lateant,
2452 3320 2540 3379 lo-

389 3441 491 3480 cus
539 3422 973 3499 distinguendi,
1035 3429 1326 3502 quatenns
1365 3425 1661 3485 certitudo
1708 3427 1941 3500 pateat,
2001 3423 2179 3500 plane
2228 3424 2424 3495 deest,
2478 3426 2541 3482 et

531 3579 580 3634 1)
617 3574 739 3626 Sunt
769 3590 888 3624 sane
923 3576 1007 3637 qui
1042 3591 1215 3624 vocem
1251 3577 1310 3624 de
1348 3591 1504 3625 nervo
1540 3591 1685 3624 arcus
1728 3577 1779 3624 in
1815 3577 2046 3643 aliquem·
2077 3575 2281 3634 intenti,
2331 3578 2386 3620 ut
2433 3574 2539 3621 eius

390 3657 660 3719 periculum
709 3661 1034 3720 significetur,
1086 3662 1294 3723 intelligi
1343 3663 1516 3710 velint.
1607 3661 1795 3722 Quodsi
1850 3659 2144 3709 ‘chorda’
2197 3662 2292 3707 hac
2341 3659 2539 3720 quidem

389 3745 745 3806 significatione
779 3746 910 3806 apud
948 3746 1163 3794 Graecos
1198 3748 1464 3808 scriptores
1501 3747 1750 3795 interdum
1801 3747 2083 3806 invenitur,
2140 3745 2233 3793 hoc
2283 3747 2392 3793 loco
2441 3758 2541 3792 non

391 3833 550 3879 solum
587 3831 647 3878 de
673 3831 724 3878 vi
759 3831 942 3892 singuli
977 3831 1211 3880 vocabuli
1247 3834 1333 3881 sed
1366 3833 1518 3881 etiam
1554 3834 1615 3881 de
1650 3833 1865 3880 dictione
1902 3831 2228 3879 ‘chordam
2262 3830 2542 3879 tendere’

391 3917 723 3977 metaphorice
758 3917 979 3978 adhibita
1024 3918 1186 3978 agitur
1201 3953 1214 3979 ,
1264 3933 1391 3978 quae
1427 3934 1458 3967 a
1505 3919 1818 3980 simplicitate
1853 3917 2070 3970 Plautini
2103 3918 2202 3966 loci
2236 3916 2400 3968 aliena
2423 3929 2543 3968 ,esse

393 4004 599 4051 videtur.
898 4055 903 4064 ,

533 4091 583 4147 2)
618 4090 717 4136 Eas
753 4089 937 4137 scilicet
972 4090 1212 4138 editiones
1247 4091 1384 4148 dice,
1439 4103 1566 4150 quae
1616 4090 1752 4136 solae
1787 4089 1839 4135 in
1875 4088 2169 4136 lectionibus
2205 4088 2428 4134 codicum
2465 4100 2544 4132 ae-

393 4177 558 4219 curate
594 4176 852 4221 afferendis
888 4175 1066 4235 dignae
1103 4181 1216 4222 sunt
1251 4190 1374 4233 quae
1411 4174 1762 4234 respiciantur.

2027 4240 2110 4303 1.
