<?xml version="1.0" encoding="UTF-8"?>
<!DOCTYPE html PUBLIC "-//W3C//DTD XHTML 1.0 Transitional//EN"
    "http://www.w3.org/TR/xhtml1/DTD/xhtml1-transitional.dtd">
<html xmlns="http://www.w3.org/1999/xhtml" xml:lang="en" lang="en">
 <head>
  <title>
</title>
<meta http-equiv="Content-Type" content="text/html;charset=utf-8" />
  <meta name='ocr-system' content='tesseract 3.04.00' />
  <meta name='ocr-capabilities' content='ocr_page ocr_carea ocr_par ocr_line ocrx_word'/>
</head>
<body>
  <div class='ocr_page' id='page_1' title='image "./devocabulisgrae00tuchgoog_0042.png"; bbox 0 0 2946 4700; ppageno 0'>
   <div class='ocr_carea' id='block_1_1' title="bbox 1494 255 1578 320">
    <p class='ocr_par' dir='ltr' id='par_1_1' title="bbox 1494 255 1578 320">
     <span class='ocr_line' id='line_1_1' title="bbox 1494 255 1578 320; baseline 0.012 -1"><span class='ocrx_word' id='word_1_1' title='bbox 1494 255 1578 320; x_wconf 81' lang='lat'><strong>32</strong></span> 
     </span>
    </p>
   </div>
   <div class='ocr_carea' id='block_1_2' title="bbox 1071 437 2009 669">
    <p class='ocr_par' dir='ltr' id='par_1_2' title="bbox 1071 437 2009 669">
     <span class='ocr_line' id='line_1_2' title="bbox 1323 437 1750 519; baseline 0.016 -7"><span class='ocrx_word' id='word_1_2' title='bbox 1323 437 1420 513; x_wconf 85' lang='lat' dir='ltr'><strong>Ex</strong></span> <span class='ocrx_word' id='word_1_3' title='bbox 1462 440 1750 519; x_wconf 85' lang='lat' dir='ltr'><strong>Pacuvio</strong></span> 
     </span>
     <span class='ocr_line' id='line_1_3' title="bbox 1071 564 2009 669; baseline 0.009 -47"><span class='ocrx_word' id='word_1_4' title='bbox 1071 564 1324 643; x_wconf 83' lang='lat' dir='ltr'><strong>aula1)</strong></span> <span class='ocrx_word' id='word_1_5' title='bbox 1380 569 1819 669; x_wconf 56' lang='lat' dir='ltr'><strong>1043a311a2)</strong></span> <span class='ocrx_word' id='word_1_6' title='bbox 1874 575 2009 631; x_wconf 83' lang='lat'><strong>114.</strong></span> 
     </span>
    </p>
   </div>
   <div class='ocr_carea' id='block_1_3' title="bbox 613 727 2438 1225">
    <p class='ocr_par' dir='ltr' id='par_1_3' title="bbox 613 727 2438 1225">
     <span class='ocr_line' id='line_1_4' title="bbox 1309 727 1754 808; baseline 0.013 -6"><span class='ocrx_word' id='word_1_7' title='bbox 1309 727 1406 803; x_wconf 86' lang='lat' dir='ltr'><strong>Ex</strong></span> <span class='ocrx_word' id='word_1_8' title='bbox 1449 729 1754 808; x_wconf 83' lang='lat' dir='ltr'><strong>Terentio</strong></span> 
     </span>
     <span class='ocr_line' id='line_1_5' title="bbox 613 853 2438 936; baseline 0.004 -24"><span class='ocrx_word' id='word_1_9' title='bbox 613 856 857 914; x_wconf 84' lang='lat' dir='ltr'><strong>Heaut.</strong></span> <span class='ocrx_word' id='word_1_10' title='bbox 892 856 1060 913; x_wconf 70' lang='lat' dir='ltr'><strong>Tim.</strong></span> <span class='ocrx_word' id='word_1_11' title='bbox 1103 853 1442 934; x_wconf 79' lang='lat' dir='ltr'><strong>hercle³)</strong></span> <span class='ocrx_word' id='word_1_12' title='bbox 1495 859 1634 919; x_wconf 87' lang='lat'>187.</span> <span class='ocrx_word' id='word_1_13' title='bbox 1719 861 1847 919; x_wconf 79' lang='lat' dir='ltr'><strong>Ad.</strong></span> <span class='ocrx_word' id='word_1_14' title='bbox 1900 860 2248 936; x_wconf 68' lang='lat' dir='ltr'><strong>hercle4)</strong></span> <span class='ocrx_word' id='word_1_15' title='bbox 2297 863 2438 919; x_wconf 83' lang='lat'><strong>268.</strong></span> 
     </span>
     <span class='ocr_line' id='line_1_6' title="bbox 1341 1017 1725 1098; baseline 0.01 -4"><span class='ocrx_word' id='word_1_16' title='bbox 1341 1017 1440 1094; x_wconf 84' lang='lat' dir='ltr'><strong>Ex</strong></span> <span class='ocrx_word' id='word_1_17' title='bbox 1483 1019 1725 1098; x_wconf 86' lang='lat' dir='ltr'><strong>Titinio</strong></span> 
     </span>
     <span class='ocr_line' id='line_1_7' title="bbox 1275 1146 1788 1225; baseline 0.006 -21"><span class='ocrx_word' id='word_1_18' title='bbox 1275 1146 1630 1225; x_wconf 77' lang='lat' dir='ltr'><strong>tapet05)</strong></span> <span class='ocrx_word' id='word_1_19' title='bbox 1691 1149 1788 1208; x_wconf 84' lang='lat'><strong>74.</strong></span> 
     </span>
    </p>
   </div>
   <div class='ocr_carea' id='block_1_4' title="bbox 458 1228 865 1237">
    <p class='ocr_par' dir='ltr' id='par_1_4' title="bbox 458 1228 865 1237">
     <span class='ocr_line' id='line_1_8' title="bbox 458 1228 865 1237; baseline 0 3463"><span class='ocrx_word' id='word_1_20' title='bbox 458 1228 865 1237; x_wconf 95' lang='lat' dir='ltr'><strong> </strong></span> 
     </span>
    </p>
   </div>
   <div class='ocr_carea' id='block_1_5' title="bbox 448 1296 2652 4107">
    <p class='ocr_par' dir='ltr' id='par_1_5' title="bbox 450 1296 2609 2894">
     <span class='ocr_line' id='line_1_9' title="bbox 524 1296 1848 1357; baseline -0.004 -14"><span class='ocrx_word' id='word_1_21' title='bbox 524 1296 671 1357; x_wconf 81' lang='lat' dir='ltr'><strong>Apud</strong></span> <span class='ocrx_word' id='word_1_22' title='bbox 704 1296 934 1343; x_wconf 87' lang='lat' dir='ltr'><strong>Plautum</strong></span> <span class='ocrx_word' id='word_1_23' title='bbox 953 1309 966 1341; x_wconf 78' lang='grc' dir='ltr'><strong><em>ε</em></strong></span> <span class='ocrx_word' id='word_1_24' title='bbox 1841 1348 1848 1355; x_wconf 42' lang='lat'><strong><em>‚</em></strong></span> 
     </span>
     <span class='ocr_line' id='line_1_10' title="bbox 661 1381 2299 1450; baseline 0.005 -22"><span class='ocrx_word' id='word_1_25' title='bbox 661 1381 864 1441; x_wconf 85' lang='lat' dir='ltr'><strong>Euax,</strong></span> <span class='ocrx_word' id='word_1_26' title='bbox 901 1381 1121 1441; x_wconf 85' lang='lat' dir='ltr'><strong>iurgio</strong></span> <span class='ocrx_word' id='word_1_27' title='bbox 1156 1396 1419 1431; x_wconf 85' lang='lat' dir='ltr'><strong>uxorem</strong></span> <span class='ocrx_word' id='word_1_28' title='bbox 1455 1387 1709 1435; x_wconf 87' lang='lat' dir='ltr'><strong>tandem</strong></span> <span class='ocrx_word' id='word_1_29' title='bbox 1747 1388 1934 1448; x_wconf 80' lang='lat' dir='ltr'><strong>abegi</strong></span> <span class='ocrx_word' id='word_1_30' title='bbox 1970 1388 2042 1436; x_wconf 90' lang='lat' dir='ltr'><strong>ab</strong></span> <span class='ocrx_word' id='word_1_31' title='bbox 2080 1389 2299 1450; x_wconf 76' lang='lat' dir='ltr'><strong>ianua3</strong></span> 
     </span>
     <span class='ocr_line' id='line_1_11' title="bbox 455 1467 2609 1537; baseline 0.005 -22"><span class='ocrx_word' id='word_1_32' title='bbox 455 1482 580 1515; x_wconf 85' lang='lat' dir='ltr'><strong>euax</strong></span> <span class='ocrx_word' id='word_1_33' title='bbox 630 1467 839 1515; x_wconf 86' lang='lat' dir='ltr'><strong>verbum</strong></span> <span class='ocrx_word' id='word_1_34' title='bbox 891 1467 1016 1515; x_wconf 88' lang='lat' dir='ltr'><strong>nihil</strong></span> <span class='ocrx_word' id='word_1_35' title='bbox 1071 1467 1314 1529; x_wconf 82' lang='lat' dir='ltr'><strong>significat</strong></span> <span class='ocrx_word' id='word_1_36' title='bbox 1329 1503 1343 1529; x_wconf 89' lang='lat'><strong>,</strong></span> <span class='ocrx_word' id='word_1_37' title='bbox 1403 1471 1492 1519; x_wconf 85' lang='lat' dir='ltr'><strong>sed</strong></span> <span class='ocrx_word' id='word_1_38' title='bbox 1542 1474 1803 1521; x_wconf 82' lang='lat' dir='ltr'><strong>effutitium</strong></span> <span class='ocrx_word' id='word_1_39' title='bbox 1853 1476 2143 1523; x_wconf 77' lang='lat' dir='ltr'>naturaliter</span> <span class='ocrx_word' id='word_1_40' title='bbox 2195 1481 2297 1535; x_wconf 87' lang='lat' dir='ltr'><strong>est,</strong></span> <span class='ocrx_word' id='word_1_41' title='bbox 2374 1481 2426 1523; x_wconf 90' lang='lat' dir='ltr'><strong>ut</strong></span> <span class='ocrx_word' id='word_1_42' title='bbox 2476 1478 2609 1537; x_wconf 88' lang='lat' dir='ltr'><strong>apud</strong></span> 
     </span>
     <span class='ocr_line' id='line_1_12' title="bbox 455 1555 1711 1613; baseline -0.006 -11"><span class='ocrx_word' id='word_1_43' title='bbox 455 1555 669 1602; x_wconf 87' lang='lat' dir='ltr'><strong>Ennium</strong></span> <span class='ocrx_word' id='word_1_44' title='bbox 687 1569 699 1601; x_wconf 70' lang='grc' dir='ltr'>ι</span> <span class='ocrx_word' id='word_1_45' title='bbox 1706 1608 1711 1613; x_wconf 21' lang='lat'><strong>⁴</strong></span> 
     </span>
     <span class='ocr_line' id='line_1_13' title="bbox 644 1639 1694 1706; baseline 0.007 -20"><span class='ocrx_word' id='word_1_46' title='bbox 644 1640 906 1698; x_wconf 74' lang='lat' dir='ltr'><strong>Hebae,</strong></span> <span class='ocrx_word' id='word_1_47' title='bbox 944 1639 1086 1701; x_wconf 86' lang='lat' dir='ltr'><strong>ipse</strong></span> <span class='ocrx_word' id='word_1_48' title='bbox 1123 1641 1382 1702; x_wconf 80' lang='lat' dir='ltr'><strong>clipeus</strong></span> <span class='ocrx_word' id='word_1_49' title='bbox 1417 1644 1694 1706; x_wconf 86' lang='lat' dir='ltr'><strong>cecidit;</strong></span> 
     </span>
     <span class='ocr_line' id='line_1_14' title="bbox 522 1726 930 1788; baseline 0 -14"><span class='ocrx_word' id='word_1_50' title='bbox 522 1727 652 1788; x_wconf 86' lang='lat' dir='ltr'><strong>apud</strong></span> <span class='ocrx_word' id='word_1_51' title='bbox 686 1726 900 1774; x_wconf 86' lang='lat' dir='ltr'><strong>Ennium</strong></span> <span class='ocrx_word' id='word_1_52' title='bbox 917 1740 930 1773; x_wconf 75' lang='lat' dir='ltr'><strong>t</strong></span> 
     </span>
     <span class='ocr_line' id='line_1_15' title="bbox 661 1812 2410 1876; baseline 0.001 -17"><span class='ocrx_word' id='word_1_53' title='bbox 661 1812 870 1872; x_wconf 85' lang='lat' dir='ltr'><strong>Eheu,</strong></span> <span class='ocrx_word' id='word_1_54' title='bbox 907 1827 1042 1861; x_wconf 88' lang='lat' dir='ltr'><strong>mea</strong></span> <span class='ocrx_word' id='word_1_55' title='bbox 1076 1814 1303 1874; x_wconf 87' lang='lat' dir='ltr'><strong>puella</strong></span> <span class='ocrx_word' id='word_1_56' title='bbox 1338 1815 1483 1876; x_wconf 89' lang='lat' dir='ltr'><strong>spei</strong></span> <span class='ocrx_word' id='word_1_57' title='bbox 1520 1817 1777 1876; x_wconf 87' lang='lat' dir='ltr'><strong>quidem</strong></span> <span class='ocrx_word' id='word_1_58' title='bbox 1812 1816 1875 1863; x_wconf 89' lang='lat' dir='ltr'><strong>id</strong></span> <span class='ocrx_word' id='word_1_59' title='bbox 1910 1816 2239 1863; x_wconf 82' lang='lat' dir='ltr'><strong>successit</strong></span> <span class='ocrx_word' id='word_1_60' title='bbox 2273 1816 2410 1862; x_wconf 88' lang='lat' dir='ltr'><strong>tibi.</strong></span> 
     </span>
     <span class='ocr_line' id='line_1_16' title="bbox 636 1898 2292 1961; baseline -0.002 -13"><span class='ocrx_word' id='word_1_61' title='bbox 636 1954 643 1961; x_wconf 55' lang='grc'>,</span> <span class='ocrx_word' id='word_1_62' title='bbox 1170 1901 1285 1960; x_wconf 86' lang='lat' dir='ltr'><strong>(pro</strong></span> <span class='ocrx_word' id='word_1_63' title='bbox 1321 1914 1418 1959; x_wconf 89' lang='lat' dir='ltr'><strong>quo</strong></span> <span class='ocrx_word' id='word_1_64' title='bbox 1454 1915 1527 1948; x_wconf 90' lang='lat' dir='ltr'><strong>eu</strong></span> <span class='ocrx_word' id='word_1_65' title='bbox 1563 1906 1613 1948; x_wconf 87' lang='lat' dir='ltr'><strong>et</strong></span> <span class='ocrx_word' id='word_1_66' title='bbox 1644 1915 1672 1948; x_wconf 89' lang='lat' dir='ltr'><strong>e</strong></span> <span class='ocrx_word' id='word_1_67' title='bbox 1708 1916 1733 1947; x_wconf 94' lang='lat' dir='ltr'><strong>s</strong></span> <span class='ocrx_word' id='word_1_68' title='bbox 1749 1914 1783 1961; x_wconf 88' lang='lat' dir='ltr'><strong>p</strong></span> <span class='ocrx_word' id='word_1_69' title='bbox 1798 1915 1824 1949; x_wconf 90' lang='lat' dir='ltr'><strong>e</strong></span> <span class='ocrx_word' id='word_1_70' title='bbox 1858 1898 2003 1947; x_wconf 87' lang='lat' dir='ltr'><strong>Ribb.</strong></span> <span class='ocrx_word' id='word_1_71' title='bbox 2040 1905 2090 1947; x_wconf 88' lang='lat' dir='ltr'><strong>et</strong></span> <span class='ocrx_word' id='word_1_72' title='bbox 2123 1899 2292 1959; x_wconf 84' lang='lat' dir='ltr'><strong>Vahl.)</strong></span> 
     </span>
     <span class='ocr_line' id='line_1_17' title="bbox 521 1984 1015 2047; baseline 0 -15"><span class='ocrx_word' id='word_1_73' title='bbox 521 1985 652 2047; x_wconf 87' lang='lat' dir='ltr'><strong>apud</strong></span> <span class='ocrx_word' id='word_1_74' title='bbox 687 1984 984 2045; x_wconf 85' lang='lat' dir='ltr'><strong>Pompilium</strong></span> <span class='ocrx_word' id='word_1_75' title='bbox 1001 2000 1015 2032; x_wconf 79' lang='lat' dir='ltr'><strong>t</strong></span> 
     </span>
     <span class='ocr_line' id='line_1_18' title="bbox 658 2069 2357 2139; baseline -0.001 -22"><span class='ocrx_word' id='word_1_76' title='bbox 658 2071 828 2129; x_wconf 88' lang='lat' dir='ltr'><strong>Heu,</strong></span> <span class='ocrx_word' id='word_1_77' title='bbox 867 2085 989 2130; x_wconf 88' lang='lat' dir='ltr'><strong>qua</strong></span> <span class='ocrx_word' id='word_1_78' title='bbox 1023 2085 1113 2118; x_wconf 91' lang='lat' dir='ltr'><strong>me</strong></span> <span class='ocrx_word' id='word_1_79' title='bbox 1150 2085 1410 2139; x_wconf 70' lang='lat' dir='ltr'><strong>caussa,</strong></span> <span class='ocrx_word' id='word_1_80' title='bbox 1448 2071 1768 2132; x_wconf 77' lang='lat' dir='ltr'><strong>Fortuna,</strong></span> <span class='ocrx_word' id='word_1_81' title='bbox 1804 2071 2049 2119; x_wconf 85' lang='lat' dir='ltr'><strong>infeste</strong></span> <span class='ocrx_word' id='word_1_82' title='bbox 2084 2069 2357 2131; x_wconf 82' lang='lat' dir='ltr'><strong>premis-⁴?</strong></span> 
     </span>
     <span class='ocr_line' id='line_1_19' title="bbox 453 2155 2594 2218; baseline -0.001 -14"><span class='ocrx_word' id='word_1_83' title='bbox 453 2158 575 2205; x_wconf 81' lang='lat' dir='ltr'><strong>Mihi</strong></span> <span class='ocrx_word' id='word_1_84' title='bbox 609 2157 805 2216; x_wconf 88' lang='lat' dir='ltr'><strong>quidem</strong></span> <span class='ocrx_word' id='word_1_85' title='bbox 839 2156 999 2204; x_wconf 88' lang='lat' dir='ltr'><strong>Varro</strong></span> <span class='ocrx_word' id='word_1_86' title='bbox 1034 2157 1132 2203; x_wconf 78' lang='lat' dir='ltr'><strong>alia</strong></span> <span class='ocrx_word' id='word_1_87' title='bbox 1164 2158 1262 2204; x_wconf 87' lang='lat' dir='ltr'><strong>tria</strong></span> <span class='ocrx_word' id='word_1_88' title='bbox 1296 2171 1355 2204; x_wconf 86' lang='lat' dir='ltr'><strong>ac</strong></span> <span class='ocrx_word' id='word_1_89' title='bbox 1389 2157 1591 2206; x_wconf 84' lang='lat' dir='ltr'><strong>diversa</strong></span> <span class='ocrx_word' id='word_1_90' title='bbox 1624 2158 1852 2218; x_wconf 81' lang='lat' dir='ltr'><strong>exempla</strong></span> <span class='ocrx_word' id='word_1_91' title='bbox 1885 2170 2055 2204; x_wconf 84' lang='lat' dir='ltr'><strong>eorum</strong></span> <span class='ocrx_word' id='word_1_92' title='bbox 2069 2191 2082 2214; x_wconf 88' lang='lat'>,</span> <span class='ocrx_word' id='word_1_93' title='bbox 2127 2171 2253 2215; x_wconf 86' lang='lat' dir='ltr'><strong>quae</strong></span> <span class='ocrx_word' id='word_1_94' title='bbox 2289 2156 2410 2203; x_wconf 89' lang='lat' dir='ltr'><strong>nihil</strong></span> <span class='ocrx_word' id='word_1_95' title='bbox 2446 2155 2594 2215; x_wconf 86' lang='lat' dir='ltr'><strong>signi-</strong></span> 
     </span>
     <span class='ocr_line' id='line_1_20' title="bbox 453 2241 2601 2303; baseline 0 -14"><span class='ocrx_word' id='word_1_96' title='bbox 453 2244 627 2301; x_wconf 82' lang='lat' dir='ltr'><strong>ficant,</strong></span> <span class='ocrx_word' id='word_1_97' title='bbox 664 2244 839 2290; x_wconf 84' lang='lat' dir='ltr'><strong>afferre</strong></span> <span class='ocrx_word' id='word_1_98' title='bbox 875 2244 1092 2291; x_wconf 85' lang='lat' dir='ltr'><strong>voluisse</strong></span> <span class='ocrx_word' id='word_1_99' title='bbox 1128 2243 1324 2291; x_wconf 87' lang='lat' dir='ltr'><strong>videtur</strong></span> <span class='ocrx_word' id='word_1_100' title='bbox 1338 2277 1351 2303; x_wconf 91' lang='lat'>‚</span> <span class='ocrx_word' id='word_1_101' title='bbox 1403 2258 1515 2290; x_wconf 89' lang='lat' dir='ltr'><strong>cum</strong></span> <span class='ocrx_word' id='word_1_102' title='bbox 1551 2244 1695 2291; x_wconf 84' lang='lat' dir='ltr'><strong>aliter</strong></span> <span class='ocrx_word' id='word_1_103' title='bbox 1730 2257 1828 2290; x_wconf 90' lang='lat' dir='ltr'><strong>non</strong></span> <span class='ocrx_word' id='word_1_104' title='bbox 1866 2243 1923 2290; x_wconf 84' lang='lat' dir='ltr'><strong>‘h</strong></span> <span class='ocrx_word' id='word_1_105' title='bbox 1934 2258 1961 2290; x_wconf 89' lang='lat' dir='ltr'><strong>e</strong></span> <span class='ocrx_word' id='word_1_106' title='bbox 1975 2241 2008 2289; x_wconf 89' lang='lat' dir='ltr'><strong>h</strong></span> <span class='ocrx_word' id='word_1_107' title='bbox 2021 2257 2051 2289; x_wconf 91' lang='lat' dir='ltr'><strong>a</strong></span> <span class='ocrx_word' id='word_1_108' title='bbox 2065 2258 2091 2289; x_wconf 95' lang='lat' dir='ltr'><strong>e</strong></span> <span class='ocrx_word' id='word_1_109' title='bbox 2107 2242 2118 2264; x_wconf 94' lang='lat'>&#39;</span> <span class='ocrx_word' id='word_1_110' title='bbox 2150 2247 2240 2290; x_wconf 88' lang='lat' dir='ltr'><strong>cet.</strong></span> <span class='ocrx_word' id='word_1_111' title='bbox 2280 2242 2601 2302; x_wconf 89' lang='lat' dir='ltr'><strong>interposuis-</strong></span> 
     </span>
     <span class='ocr_line' id='line_1_21' title="bbox 454 2326 2596 2389; baseline -0.002 -11"><span class='ocrx_word' id='word_1_112' title='bbox 454 2335 555 2389; x_wconf 89' lang='lat' dir='ltr'><strong>set,</strong></span> <span class='ocrx_word' id='word_1_113' title='bbox 609 2327 698 2376; x_wconf 86' lang='lat' dir='ltr'><strong>sed</strong></span> <span class='ocrx_word' id='word_1_114' title='bbox 733 2329 898 2376; x_wconf 87' lang='lat' dir='ltr'><strong>statim</strong></span> <span class='ocrx_word' id='word_1_115' title='bbox 933 2328 1054 2376; x_wconf 86' lang='lat' dir='ltr'><strong>illud</strong></span> <span class='ocrx_word' id='word_1_116' title='bbox 1100 2332 1113 2358; x_wconf 81' lang='lat'><strong><em>⁴</em></strong></span> <span class='ocrx_word' id='word_1_117' title='bbox 1124 2343 1151 2377; x_wconf 92' lang='lat' dir='ltr'><strong>e</strong></span> <span class='ocrx_word' id='word_1_118' title='bbox 1165 2342 1198 2375; x_wconf 92' lang='grc' dir='ltr'><strong>ιι</strong></span> <span class='ocrx_word' id='word_1_119' title='bbox 1210 2326 1222 2348; x_wconf 91' lang='grc'><strong>’</strong></span> <span class='ocrx_word' id='word_1_120' title='bbox 1268 2333 1360 2376; x_wconf 88' lang='lat' dir='ltr'><strong>cet.</strong></span> <span class='ocrx_word' id='word_1_121' title='bbox 1396 2329 1659 2377; x_wconf 79' lang='lat' dir='ltr'><strong>attulisset.</strong></span> <span class='ocrx_word' id='word_1_122' title='bbox 1729 2329 1932 2377; x_wconf 80' lang='lat' dir='ltr'><strong>Accedit</strong></span> <span class='ocrx_word' id='word_1_123' title='bbox 1963 2328 2093 2388; x_wconf 87' lang='lat' dir='ltr'><strong>quod</strong></span> <span class='ocrx_word' id='word_1_124' title='bbox 2139 2330 2153 2357; x_wconf 89' lang='lat'>‘</span> <span class='ocrx_word' id='word_1_125' title='bbox 2166 2343 2191 2375; x_wconf 91' lang='lat' dir='ltr'><strong>e</strong></span> <span class='ocrx_word' id='word_1_126' title='bbox 2205 2342 2238 2374; x_wconf 87' lang='lat' dir='ltr'><strong>u</strong></span> <span class='ocrx_word' id='word_1_127' title='bbox 2249 2327 2261 2349; x_wconf 89' lang='lat'>’</span> <span class='ocrx_word' id='word_1_128' title='bbox 2308 2326 2370 2375; x_wconf 86' lang='lat' dir='ltr'><strong>ad</strong></span> <span class='ocrx_word' id='word_1_129' title='bbox 2404 2332 2596 2388; x_wconf 88' lang='lat' dir='ltr'><strong>tragoe-</strong></span> 
     </span>
     <span class='ocr_line' id='line_1_22' title="bbox 451 2413 2596 2475; baseline -0.002 -11"><span class='ocrx_word' id='word_1_130' title='bbox 451 2417 583 2464; x_wconf 84' lang='lat' dir='ltr'><strong>diam</strong></span> <span class='ocrx_word' id='word_1_131' title='bbox 627 2413 874 2475; x_wconf 86' lang='lat' dir='ltr'><strong>pertinere</strong></span> <span class='ocrx_word' id='word_1_132' title='bbox 910 2428 1009 2460; x_wconf 92' lang='lat' dir='ltr'><strong>non</strong></span> <span class='ocrx_word' id='word_1_133' title='bbox 1044 2414 1187 2462; x_wconf 85' lang='lat' dir='ltr'><strong>facile</strong></span> <span class='ocrx_word' id='word_1_134' title='bbox 1224 2414 1431 2462; x_wconf 86' lang='lat' dir='ltr'><strong>dixerim</strong></span> <span class='ocrx_word' id='word_1_135' title='bbox 1445 2430 1458 2473; x_wconf 84' lang='lat'><em>3</em></span> <span class='ocrx_word' id='word_1_136' title='bbox 1512 2415 1647 2462; x_wconf 88' lang='lat' dir='ltr'><strong>aliud</strong></span> <span class='ocrx_word' id='word_1_137' title='bbox 1696 2416 1972 2475; x_wconf 80' lang='lat' dir='ltr'><strong>exemplum</strong></span> <span class='ocrx_word' id='word_1_138' title='bbox 2019 2415 2164 2462; x_wconf 87' lang='lat' dir='ltr'><strong>huius</strong></span> <span class='ocrx_word' id='word_1_139' title='bbox 2210 2414 2307 2473; x_wconf 90' lang='lat' dir='ltr'><strong>rei,</strong></span> <span class='ocrx_word' id='word_1_140' title='bbox 2361 2417 2596 2472; x_wconf 89' lang='lat' dir='ltr'><strong>quantum</strong></span> 
     </span>
     <span class='ocr_line' id='line_1_23' title="bbox 452 2499 2599 2561; baseline -0.002 -11"><span class='ocrx_word' id='word_1_141' title='bbox 452 2502 581 2561; x_wconf 89' lang='lat' dir='ltr'><strong>scio,</strong></span> <span class='ocrx_word' id='word_1_142' title='bbox 618 2513 717 2547; x_wconf 89' lang='lat' dir='ltr'><strong>nou</strong></span> <span class='ocrx_word' id='word_1_143' title='bbox 753 2503 910 2548; x_wconf 83' lang='lat' dir='ltr'><strong>extat:</strong></span> <span class='ocrx_word' id='word_1_144' title='bbox 964 2499 1262 2547; x_wconf 79' lang='lat' dir='ltr'><strong>comicorum</strong></span> <span class='ocrx_word' id='word_1_145' title='bbox 1295 2514 1397 2548; x_wconf 81' lang='lat' dir='ltr'><strong>vox</strong></span> <span class='ocrx_word' id='word_1_146' title='bbox 1433 2504 1521 2547; x_wconf 85' lang='lat' dir='ltr'><strong>est.</strong></span> <span class='ocrx_word' id='word_1_147' title='bbox 1592 2501 1746 2548; x_wconf 81' lang='lat' dir='ltr'><strong>Estne</strong></span> <span class='ocrx_word' id='word_1_148' title='bbox 1782 2505 1945 2548; x_wconf 87' lang='lat' dir='ltr'><strong>autem</strong></span> <span class='ocrx_word' id='word_1_149' title='bbox 1982 2503 1995 2528; x_wconf 78' lang='lat'><em>⁴</em></span> <span class='ocrx_word' id='word_1_150' title='bbox 2009 2514 2035 2547; x_wconf 86' lang='lat' dir='ltr'><strong>e</strong></span> <span class='ocrx_word' id='word_1_151' title='bbox 2046 2501 2080 2548; x_wconf 91' lang='lat' dir='ltr'><strong>h</strong></span> <span class='ocrx_word' id='word_1_152' title='bbox 2094 2514 2122 2547; x_wconf 94' lang='lat' dir='ltr'><strong>e</strong></span> <span class='ocrx_word' id='word_1_153' title='bbox 2133 2514 2166 2545; x_wconf 89' lang='grc' dir='ltr'><strong>ιι</strong></span> <span class='ocrx_word' id='word_1_154' title='bbox 2178 2499 2206 2560; x_wconf 82' lang='grc'><strong>’,</strong></span> <span class='ocrx_word' id='word_1_155' title='bbox 2252 2500 2383 2559; x_wconf 84' lang='lat' dir='ltr'><strong>quod</strong></span> <span class='ocrx_word' id='word_1_156' title='bbox 2417 2499 2599 2547; x_wconf 88' lang='lat' dir='ltr'><strong>doloris</strong></span> 
     </span>
     <span class='ocr_line' id='line_1_24' title="bbox 453 2583 2598 2647; baseline -0.003 -10"><span class='ocrx_word' id='word_1_157' title='bbox 453 2593 528 2638; x_wconf 89' lang='lat' dir='ltr'><strong>est</strong></span> <span class='ocrx_word' id='word_1_158' title='bbox 543 2623 556 2647; x_wconf 86' lang='lat'><strong>‚</strong></span> <span class='ocrx_word' id='word_1_159' title='bbox 589 2586 858 2636; x_wconf 83' lang='lat' dir='ltr'><strong>sententiae</strong></span> <span class='ocrx_word' id='word_1_160' title='bbox 894 2586 1314 2634; x_wconf 87' lang='lat' dir='ltr'><strong>accommodatum</strong></span> <span class='ocrx_word' id='word_1_161' title='bbox 1328 2586 1353 2631; x_wconf 68' lang='lat' dir='ltr'><strong>‘s&#39;</strong></span> <span class='ocrx_word' id='word_1_162' title='bbox 1422 2585 1554 2634; x_wconf 79' lang='lat' dir='ltr'><strong>Saue</strong></span> <span class='ocrx_word' id='word_1_163' title='bbox 1589 2586 1789 2634; x_wconf 86' lang='lat' dir='ltr'><strong>minime</strong></span> <span class='ocrx_word' id='word_1_164' title='bbox 1804 2601 1817 2646; x_wconf 84' lang='lat'>3</span> <span class='ocrx_word' id='word_1_165' title='bbox 1872 2590 1921 2633; x_wconf 88' lang='lat' dir='ltr'><strong>at</strong></span> <span class='ocrx_word' id='word_1_166' title='bbox 1956 2590 2075 2647; x_wconf 89' lang='lat' dir='ltr'><strong>puto</strong></span> <span class='ocrx_word' id='word_1_167' title='bbox 2109 2586 2325 2634; x_wconf 87' lang='lat' dir='ltr'><strong>Ennium</strong></span> <span class='ocrx_word' id='word_1_168' title='bbox 2361 2590 2373 2614; x_wconf 86' lang='lat'>‘</span> <span class='ocrx_word' id='word_1_169' title='bbox 2387 2600 2413 2632; x_wconf 91' lang='lat' dir='ltr'><strong>e</strong></span> <span class='ocrx_word' id='word_1_170' title='bbox 2425 2587 2458 2632; x_wconf 93' lang='lat' dir='ltr'><strong>h</strong></span> <span class='ocrx_word' id='word_1_171' title='bbox 2473 2583 2598 2644; x_wconf 90' lang='lat' dir='ltr'><strong>em’,</strong></span> 
     </span>
     <span class='ocr_line' id='line_1_25' title="bbox 452 2672 2597 2735; baseline -0.002 -14"><span class='ocrx_word' id='word_1_172' title='bbox 452 2675 582 2735; x_wconf 84' lang='lat' dir='ltr'><strong>quod</strong></span> <span class='ocrx_word' id='word_1_173' title='bbox 617 2673 780 2733; x_wconf 83' lang='lat' dir='ltr'><strong>gaudii</strong></span> <span class='ocrx_word' id='word_1_174' title='bbox 825 2677 927 2732; x_wconf 70' lang='lat' dir='ltr'><strong>est,</strong></span> <span class='ocrx_word' id='word_1_175' title='bbox 977 2672 1247 2733; x_wconf 79' lang='lat' dir='ltr'><strong>scripsisse.</strong></span> <span class='ocrx_word' id='word_1_176' title='bbox 1335 2673 1413 2718; x_wconf 85' lang='lat' dir='ltr'><strong>Ex</strong></span> <span class='ocrx_word' id='word_1_177' title='bbox 1465 2676 1479 2701; x_wconf 77' lang='lat'><strong><em>⁴</em></strong></span> <span class='ocrx_word' id='word_1_178' title='bbox 1491 2688 1518 2720; x_wconf 95' lang='lat' dir='ltr'><strong>e</strong></span> <span class='ocrx_word' id='word_1_179' title='bbox 1530 2674 1564 2719; x_wconf 90' lang='lat' dir='ltr'><strong>h</strong></span> <span class='ocrx_word' id='word_1_180' title='bbox 1578 2687 1605 2720; x_wconf 91' lang='lat' dir='ltr'><strong>e</strong></span> <span class='ocrx_word' id='word_1_181' title='bbox 1618 2688 1666 2720; x_wconf 91' lang='lat' dir='ltr'><strong>m</strong></span> <span class='ocrx_word' id='word_1_182' title='bbox 1679 2672 1691 2694; x_wconf 89' lang='lat'>&#39;</span> <span class='ocrx_word' id='word_1_183' title='bbox 1740 2687 1861 2720; x_wconf 87' lang='lat' dir='ltr'><strong>vero</strong></span> <span class='ocrx_word' id='word_1_184' title='bbox 1913 2673 2148 2720; x_wconf 88' lang='lat' dir='ltr'><strong>mendum</strong></span> <span class='ocrx_word' id='word_1_185' title='bbox 2198 2675 2211 2701; x_wconf 75' lang='lat'>⁸</span> <span class='ocrx_word' id='word_1_186' title='bbox 2229 2687 2255 2721; x_wconf 91' lang='lat' dir='ltr'><strong>e</strong></span> <span class='ocrx_word' id='word_1_187' title='bbox 2267 2674 2299 2720; x_wconf 92' lang='lat' dir='ltr'><strong>h</strong></span> <span class='ocrx_word' id='word_1_188' title='bbox 2314 2687 2339 2719; x_wconf 94' lang='lat' dir='ltr'><strong>e</strong></span> <span class='ocrx_word' id='word_1_189' title='bbox 2353 2686 2385 2719; x_wconf 89' lang='grc' dir='ltr'><strong>ιι</strong></span> <span class='ocrx_word' id='word_1_190' title='bbox 2397 2672 2409 2693; x_wconf 86' lang='grc'><strong><em>’</em></strong></span> <span class='ocrx_word' id='word_1_191' title='bbox 2456 2672 2597 2718; x_wconf 84' lang='lat' dir='ltr'><strong>facile</strong></span> 
     </span>
     <span class='ocr_line' id='line_1_26' title="bbox 450 2758 2593 2821; baseline -0.003 -13"><span class='ocrx_word' id='word_1_192' title='bbox 450 2761 586 2808; x_wconf 88' lang='lat' dir='ltr'><strong>nasci</strong></span> <span class='ocrx_word' id='word_1_193' title='bbox 632 2758 850 2821; x_wconf 86' lang='lat' dir='ltr'><strong>potuisse</strong></span> <span class='ocrx_word' id='word_1_194' title='bbox 898 2759 1211 2807; x_wconf 84' lang='lat' dir='ltr'><strong>manifestum</strong></span> <span class='ocrx_word' id='word_1_195' title='bbox 1260 2763 1351 2807; x_wconf 87' lang='lat' dir='ltr'><strong>est.</strong></span> <span class='ocrx_word' id='word_1_196' title='bbox 1433 2759 1509 2806; x_wconf 82' lang='lat' dir='ltr'><strong>Ac</strong></span> <span class='ocrx_word' id='word_1_197' title='bbox 1557 2758 1751 2806; x_wconf 81' lang='lat' dir='ltr'><strong>facilius</strong></span> <span class='ocrx_word' id='word_1_198' title='bbox 1800 2759 1999 2819; x_wconf 87' lang='lat' dir='ltr'><strong>quidem</strong></span> <span class='ocrx_word' id='word_1_199' title='bbox 2046 2758 2165 2806; x_wconf 91' lang='lat' dir='ltr'><strong>mihi</strong></span> <span class='ocrx_word' id='word_1_200' title='bbox 2208 2758 2404 2806; x_wconf 87' lang='lat' dir='ltr'><strong>videtur</strong></span> <span class='ocrx_word' id='word_1_201' title='bbox 2448 2770 2593 2815; x_wconf 90' lang='lat' dir='ltr'><strong>quam</strong></span> 
     </span>
     <span class='ocr_line' id='line_1_27' title="bbox 455 2843 935 2894; baseline -0.008 0"><span class='ocrx_word' id='word_1_202' title='bbox 455 2846 575 2894; x_wconf 90' lang='lat' dir='ltr'><strong>‘eu’</strong></span> <span class='ocrx_word' id='word_1_203' title='bbox 611 2860 671 2893; x_wconf 86' lang='lat' dir='ltr'><strong>ex</strong></span> <span class='ocrx_word' id='word_1_204' title='bbox 709 2843 935 2893; x_wconf 86' lang='lat' dir='ltr'><strong>‘eheu’.</strong></span> 
     </span>
    </p>

    <p class='ocr_par' dir='ltr' id='par_1_6' title="bbox 451 2927 2597 3162">
     <span class='ocr_line' id='line_1_28' title="bbox 592 2927 2593 2994; baseline -0.001 -16"><span class='ocrx_word' id='word_1_205' title='bbox 592 2932 644 2991; x_wconf 94' lang='lat'><strong>1)</strong></span> <span class='ocrx_word' id='word_1_206' title='bbox 680 2932 785 2978; x_wconf 89' lang='lat' dir='ltr'><strong>aul</strong></span> <span class='ocrx_word' id='word_1_207' title='bbox 801 2945 830 2977; x_wconf 92' lang='lat' dir='ltr'><strong>a</strong></span> <span class='ocrx_word' id='word_1_208' title='bbox 864 2930 1012 2979; x_wconf 87' lang='lat' dir='ltr'><strong>Ribb.</strong></span> <span class='ocrx_word' id='word_1_209' title='bbox 1071 2931 1213 2978; x_wconf 86' lang='lat' dir='ltr'><strong>Libri</strong></span> <span class='ocrx_word' id='word_1_210' title='bbox 1247 2945 1416 2994; x_wconf 77' lang='lat' dir='ltr'><strong>aura.</strong></span> <span class='ocrx_word' id='word_1_211' title='bbox 1487 2932 1564 2979; x_wconf 85' lang='lat' dir='ltr'><strong>Ex</strong></span> <span class='ocrx_word' id='word_1_212' title='bbox 1599 2944 1765 2992; x_wconf 87' lang='lat' dir='ltr'><strong>panno</strong></span> <span class='ocrx_word' id='word_1_213' title='bbox 1799 2931 1887 2978; x_wconf 93' lang='lat' dir='ltr'><strong>illo</strong></span> <span class='ocrx_word' id='word_1_214' title='bbox 1919 2930 2152 2980; x_wconf 82' lang='lat' dir='ltr'><strong>versiculi</strong></span> <span class='ocrx_word' id='word_1_215' title='bbox 2190 2932 2465 2984; x_wconf 78' lang='lat' dir='ltr'><strong>‘ossuum</strong></span> <span class='ocrx_word' id='word_1_216' title='bbox 2498 2927 2593 2975; x_wconf 89' lang='lat' dir='ltr'><strong>in-</strong></span> 
     </span>
     <span class='ocr_line' id='line_1_29' title="bbox 452 3015 2597 3079; baseline 0 -17"><span class='ocrx_word' id='word_1_217' title='bbox 452 3017 780 3063; x_wconf 90' lang='lat' dir='ltr'><strong>humatum</strong></span> <span class='ocrx_word' id='word_1_218' title='bbox 831 3030 900 3063; x_wconf 89' lang='lat' dir='ltr'><strong>ae</strong></span> <span class='ocrx_word' id='word_1_219' title='bbox 917 3021 1060 3063; x_wconf 90' lang='lat' dir='ltr'><strong>stuo</strong></span> <span class='ocrx_word' id='word_1_220' title='bbox 1079 3032 1207 3064; x_wconf 92' lang='lat' dir='ltr'><strong>sam</strong></span> <span class='ocrx_word' id='word_1_221' title='bbox 1259 3044 1325 3053; x_wconf 91' lang='lat'>—</span> <span class='ocrx_word' id='word_1_222' title='bbox 1375 3016 1621 3065; x_wconf 87' lang='lat' dir='ltr'><strong>auram’</strong></span> <span class='ocrx_word' id='word_1_223' title='bbox 1670 3018 1902 3078; x_wconf 91' lang='lat' dir='ltr'><strong>(aulam</strong></span> <span class='ocrx_word' id='word_1_224' title='bbox 1936 3016 2107 3079; x_wconf 88' lang='lat' dir='ltr'><strong>Ribb.)</strong></span> <span class='ocrx_word' id='word_1_225' title='bbox 2152 3043 2220 3052; x_wconf 94' lang='lat'><strong>-—-</strong></span> <span class='ocrx_word' id='word_1_226' title='bbox 2267 3016 2391 3064; x_wconf 85' lang='lat' dir='ltr'><strong>nihil</strong></span> <span class='ocrx_word' id='word_1_227' title='bbox 2440 3015 2597 3063; x_wconf 89' lang='lat' dir='ltr'><strong>conici</strong></span> 
     </span>
     <span class='ocr_line' id='line_1_30' title="bbox 451 3100 860 3162; baseline -0.005 -13"><span class='ocrx_word' id='word_1_228' title='bbox 451 3116 596 3162; x_wconf 90' lang='lat' dir='ltr'><strong>posse</strong></span> <span class='ocrx_word' id='word_1_229' title='bbox 633 3100 860 3149; x_wconf 86' lang='lat' dir='ltr'><strong>arbitror.</strong></span> 
     </span>
    </p>

    <p class='ocr_par' dir='ltr' id='par_1_7' title="bbox 448 3186 2598 3591">
     <span class='ocr_line' id='line_1_31' title="bbox 589 3186 2596 3248; baseline 0.001 -15"><span class='ocrx_word' id='word_1_230' title='bbox 589 3190 642 3248; x_wconf 77' lang='lat'><strong>2)</strong></span> <span class='ocrx_word' id='word_1_231' title='bbox 678 3188 776 3233; x_wconf 87' lang='lat' dir='ltr'><strong>aul</strong></span> <span class='ocrx_word' id='word_1_232' title='bbox 789 3202 820 3234; x_wconf 81' lang='lat' dir='ltr'><strong>a</strong></span> <span class='ocrx_word' id='word_1_233' title='bbox 854 3186 979 3234; x_wconf 89' lang='lat' dir='ltr'><strong>Scal.</strong></span> <span class='ocrx_word' id='word_1_234' title='bbox 1020 3192 1069 3235; x_wconf 88' lang='lat' dir='ltr'><strong>et</strong></span> <span class='ocrx_word' id='word_1_235' title='bbox 1102 3188 1250 3236; x_wconf 87' lang='lat' dir='ltr'><strong>Ribb.</strong></span> <span class='ocrx_word' id='word_1_236' title='bbox 1318 3188 1459 3237; x_wconf 88' lang='lat' dir='ltr'><strong>Libri</strong></span> <span class='ocrx_word' id='word_1_237' title='bbox 1510 3203 1581 3237; x_wconf 90' lang='lat' dir='ltr'><strong>au</strong></span> <span class='ocrx_word' id='word_1_238' title='bbox 1595 3204 1621 3237; x_wconf 87' lang='lat' dir='ltr'><strong>r</strong></span> <span class='ocrx_word' id='word_1_239' title='bbox 1637 3204 1681 3237; x_wconf 89' lang='lat' dir='ltr'><strong>a.</strong></span> <span class='ocrx_word' id='word_1_240' title='bbox 1752 3189 1854 3237; x_wconf 84' lang='lat' dir='ltr'><strong>Cur</strong></span> <span class='ocrx_word' id='word_1_241' title='bbox 1888 3189 1985 3248; x_wconf 85' lang='lat' dir='ltr'><strong>dici</strong></span> <span class='ocrx_word' id='word_1_242' title='bbox 2021 3193 2232 3248; x_wconf 85' lang='lat' dir='ltr'><strong>nequeat</strong></span> <span class='ocrx_word' id='word_1_243' title='bbox 2280 3192 2293 3217; x_wconf 84' lang='lat'>‘</span> <span class='ocrx_word' id='word_1_244' title='bbox 2306 3204 2335 3236; x_wconf 87' lang='lat' dir='ltr'><strong>a</strong></span> <span class='ocrx_word' id='word_1_245' title='bbox 2348 3203 2380 3235; x_wconf 91' lang='lat' dir='ltr'><strong>u</strong></span> <span class='ocrx_word' id='word_1_246' title='bbox 2393 3203 2419 3234; x_wconf 89' lang='lat' dir='ltr'><strong>r</strong></span> <span class='ocrx_word' id='word_1_247' title='bbox 2434 3202 2463 3234; x_wconf 92' lang='lat' dir='ltr'><strong>a</strong></span> <span class='ocrx_word' id='word_1_248' title='bbox 2498 3202 2523 3233; x_wconf 90' lang='lat' dir='ltr'><strong>r</strong></span> <span class='ocrx_word' id='word_1_249' title='bbox 2536 3202 2563 3235; x_wconf 90' lang='lat' dir='ltr'><strong>e</strong></span> <span class='ocrx_word' id='word_1_250' title='bbox 2577 3213 2596 3224; x_wconf 92' lang='lat'>-</span> 
     </span>
     <span class='ocr_line' id='line_1_32' title="bbox 452 3259 2598 3335; baseline -0.001 -15"><span class='ocrx_word' id='word_1_251' title='bbox 452 3273 628 3320; x_wconf 91' lang='lat' dir='ltr'><strong>sonit</strong></span> <span class='ocrx_word' id='word_1_252' title='bbox 674 3273 937 3333; x_wconf 84' lang='lat' dir='ltr'><strong>crepitu</strong></span> <span class='ocrx_word' id='word_1_253' title='bbox 981 3273 1226 3322; x_wconf 92' lang='lat' dir='ltr'><strong>musico</strong></span> <span class='ocrx_word' id='word_1_254' title='bbox 1242 3274 1254 3294; x_wconf 80' lang='lat'><strong><em>⁹</em></strong></span> <span class='ocrx_word' id='word_1_255' title='bbox 1294 3259 1404 3323; x_wconf 89' lang='lat' dir='ltr'><strong>non</strong></span> <span class='ocrx_word' id='word_1_256' title='bbox 1457 3279 1611 3335; x_wconf 88' lang='lat' dir='ltr'><strong>patet.</strong></span> <span class='ocrx_word' id='word_1_257' title='bbox 1696 3276 1801 3323; x_wconf 83' lang='lat' dir='ltr'><strong>Nos</strong></span> <span class='ocrx_word' id='word_1_258' title='bbox 1848 3288 2043 3334; x_wconf 87' lang='lat' dir='ltr'><strong>quoque</strong></span> <span class='ocrx_word' id='word_1_259' title='bbox 2079 3274 2284 3321; x_wconf 89' lang='lat' dir='ltr'><strong>dicimus</strong></span> <span class='ocrx_word' id='word_1_260' title='bbox 2330 3274 2440 3319; x_wconf 88' lang='lat' dir='ltr'><strong>“die</strong></span> <span class='ocrx_word' id='word_1_261' title='bbox 2477 3272 2598 3318; x_wconf 85' lang='lat' dir='ltr'><strong>Luft</strong></span> 
     </span>
     <span class='ocr_line' id='line_1_33' title="bbox 450 3356 2593 3421; baseline -0.001 -16"><span class='ocrx_word' id='word_1_262' title='bbox 450 3356 800 3406; x_wconf 84' lang='lat' dir='ltr'><strong>wiederhallt&#39;&#39;.</strong></span> <span class='ocrx_word' id='word_1_263' title='bbox 874 3358 1013 3417; x_wconf 77' lang='lat' dir='ltr'><strong>Quae</strong></span> <span class='ocrx_word' id='word_1_264' title='bbox 1064 3360 1359 3407; x_wconf 85' lang='lat' dir='ltr'><strong>antecedunt</strong></span> <span class='ocrx_word' id='word_1_265' title='bbox 1410 3360 1864 3421; x_wconf 85' lang='lat' dir='ltr'><strong>‘hymenaeum</strong></span> <span class='ocrx_word' id='word_1_266' title='bbox 1913 3359 2202 3406; x_wconf 84' lang='lat' dir='ltr'><strong>fremunt</strong></span> <span class='ocrx_word' id='word_1_267' title='bbox 2251 3366 2411 3415; x_wconf 89' lang='lat' dir='ltr'><strong>aequ</strong></span> <span class='ocrx_word' id='word_1_268' title='bbox 2428 3358 2529 3404; x_wconf 88' lang='lat' dir='ltr'><strong>ale</strong></span> <span class='ocrx_word' id='word_1_269' title='bbox 2546 3356 2593 3404; x_wconf 88' lang='lat' dir='ltr'><strong>s’</strong></span> 
     </span>
     <span class='ocr_line' id='line_1_34' title="bbox 450 3427 2596 3507; baseline -0.001 -15"><span class='ocrx_word' id='word_1_270' title='bbox 450 3460 550 3492; x_wconf 92' lang='lat' dir='ltr'><strong>non</strong></span> <span class='ocrx_word' id='word_1_271' title='bbox 600 3444 811 3491; x_wconf 86' lang='lat' dir='ltr'><strong>obstant.</strong></span> <span class='ocrx_word' id='word_1_272' title='bbox 896 3444 1215 3505; x_wconf 84' lang='lat' dir='ltr'><strong>Hymenaeus</strong></span> <span class='ocrx_word' id='word_1_273' title='bbox 1264 3427 1356 3493; x_wconf 82' lang='lat' dir='ltr'><strong>sub</strong></span> <span class='ocrx_word' id='word_1_274' title='bbox 1393 3446 1510 3494; x_wconf 84' lang='lat' dir='ltr'><strong>divo</strong></span> <span class='ocrx_word' id='word_1_275' title='bbox 1546 3460 1743 3507; x_wconf 90' lang='lat' dir='ltr'><strong>quoque</strong></span> <span class='ocrx_word' id='word_1_276' title='bbox 1790 3445 1854 3493; x_wconf 87' lang='lat' dir='ltr'><strong>ab</strong></span> <span class='ocrx_word' id='word_1_277' title='bbox 1899 3442 2189 3503; x_wconf 90' lang='lat' dir='ltr'><strong>aequalibus</strong></span> <span class='ocrx_word' id='word_1_278' title='bbox 2232 3443 2476 3491; x_wconf 87' lang='lat' dir='ltr'><strong>stantibus</strong></span> <span class='ocrx_word' id='word_1_279' title='bbox 2510 3444 2596 3490; x_wconf 87' lang='lat' dir='ltr'><strong>vel</strong></span> 
     </span>
     <span class='ocr_line' id='line_1_35' title="bbox 448 3523 1487 3591; baseline -0.006 -13"><span class='ocrx_word' id='word_1_280' title='bbox 448 3530 787 3579; x_wconf 87' lang='lat' dir='ltr'><strong>incedentibus</strong></span> <span class='ocrx_word' id='word_1_281' title='bbox 821 3530 1010 3578; x_wconf 85' lang='lat' dir='ltr'><strong>cantari</strong></span> <span class='ocrx_word' id='word_1_282' title='bbox 1043 3532 1218 3591; x_wconf 87' lang='lat' dir='ltr'><strong>potuit.</strong></span> <span class='ocrx_word' id='word_1_283' title='bbox 1318 3560 1330 3572; x_wconf 85' lang='lat'><strong>.</strong></span> <span class='ocrx_word' id='word_1_284' title='bbox 1481 3523 1487 3529; x_wconf 87' lang='grc'><em>“</em></span> 
     </span>
    </p>

    <p class='ocr_par' dir='ltr' id='par_1_8' title="bbox 449 3601 2597 3751">
     <span class='ocr_line' id='line_1_36' title="bbox 586 3601 2597 3678; baseline -0.001 -14"><span class='ocrx_word' id='word_1_285' title='bbox 586 3618 640 3678; x_wconf 82' lang='grc'><strong>3)</strong></span> <span class='ocrx_word' id='word_1_286' title='bbox 674 3617 753 3664; x_wconf 84' lang='lat' dir='ltr'><strong>At</strong></span> <span class='ocrx_word' id='word_1_287' title='bbox 769 3630 884 3676; x_wconf 87' lang='lat' dir='ltr'><strong>que</strong></span> <span class='ocrx_word' id='word_1_288' title='bbox 918 3616 990 3664; x_wconf 91' lang='lat' dir='ltr'><strong>he</strong></span> <span class='ocrx_word' id='word_1_289' title='bbox 1005 3617 1098 3665; x_wconf 87' lang='lat' dir='ltr'><strong>rcl</strong></span> <span class='ocrx_word' id='word_1_290' title='bbox 1114 3631 1142 3665; x_wconf 88' lang='lat' dir='ltr'><strong>e</strong></span> <span class='ocrx_word' id='word_1_291' title='bbox 1178 3617 1364 3666; x_wconf 91' lang='lat' dir='ltr'><strong>etiam</strong></span> <span class='ocrx_word' id='word_1_292' title='bbox 1400 3633 1433 3665; x_wconf 93' lang='lat' dir='ltr'><strong>n</strong></span> <span class='ocrx_word' id='word_1_293' title='bbox 1450 3633 1571 3666; x_wconf 90' lang='lat' dir='ltr'><strong>unc</strong></span> <span class='ocrx_word' id='word_1_294' title='bbox 1594 3617 1770 3667; x_wconf 81' lang='lat' dir='ltr'><strong>Fleck.</strong></span> <span class='ocrx_word' id='word_1_295' title='bbox 1795 3622 1846 3666; x_wconf 89' lang='lat' dir='ltr'><strong>et</strong></span> <span class='ocrx_word' id='word_1_296' title='bbox 1866 3614 2131 3678; x_wconf 84' lang='lat' dir='ltr'><strong>Umpfenb.</strong></span> <span class='ocrx_word' id='word_1_297' title='bbox 2186 3601 2338 3675; x_wconf 79' lang='lat' dir='ltr'><strong>ATQ.</strong></span> <span class='ocrx_word' id='word_1_298' title='bbox 2364 3614 2597 3662; x_wconf 81' lang='lat' dir='ltr'>ETIAM-</span> 
     </span>
     <span class='ocr_line' id='line_1_37' title="bbox 449 3702 1002 3751; baseline 0 -2"><span class='ocrx_word' id='word_1_299' title='bbox 449 3702 632 3751; x_wconf 81' lang='lat' dir='ltr'>NUNC</span> <span class='ocrx_word' id='word_1_300' title='bbox 668 3704 714 3750; x_wconf 83' lang='lat' dir='ltr'>A</span> <span class='ocrx_word' id='word_1_301' title='bbox 749 3716 860 3751; x_wconf 88' lang='lat' dir='ltr'><strong>cum</strong></span> <span class='ocrx_word' id='word_1_302' title='bbox 894 3704 1002 3751; x_wconf 91' lang='lat' dir='ltr'><strong>rell.</strong></span> 
     </span>
    </p>

    <p class='ocr_par' dir='ltr' id='par_1_9' title="bbox 449 3785 2597 3935">
     <span class='ocr_line' id='line_1_38' title="bbox 585 3785 2597 3851; baseline -0.001 -16"><span class='ocrx_word' id='word_1_303' title='bbox 585 3791 640 3851; x_wconf 83' lang='lat'><strong>4)</strong></span> <span class='ocrx_word' id='word_1_304' title='bbox 673 3789 718 3836; x_wconf 89' lang='lat' dir='ltr'>A</span> <span class='ocrx_word' id='word_1_305' title='bbox 742 3788 795 3836; x_wconf 90' lang='lat' dir='ltr'><strong>in</strong></span> <span class='ocrx_word' id='word_1_306' title='bbox 819 3788 1231 3850; x_wconf 84' lang='lat' dir='ltr'><strong>superscriptione</strong></span> <span class='ocrx_word' id='word_1_307' title='bbox 1257 3804 1283 3838; x_wconf 89' lang='lat' dir='ltr'><strong>e</strong></span> <span class='ocrx_word' id='word_1_308' title='bbox 1298 3790 1446 3838; x_wconf 89' lang='lat' dir='ltr'><strong>rcle.</strong></span> <span class='ocrx_word' id='word_1_309' title='bbox 1510 3805 1537 3838; x_wconf 92' lang='lat' dir='ltr'><strong>e</strong></span> <span class='ocrx_word' id='word_1_310' title='bbox 1554 3791 1652 3837; x_wconf 86' lang='lat' dir='ltr'><strong>rel</strong></span> <span class='ocrx_word' id='word_1_311' title='bbox 1669 3804 1695 3837; x_wconf 94' lang='lat' dir='ltr'><strong>e</strong></span> <span class='ocrx_word' id='word_1_312' title='bbox 1721 3804 1751 3837; x_wconf 90' lang='lat' dir='ltr'><strong>a</strong></span> <span class='ocrx_word' id='word_1_313' title='bbox 1775 3802 1901 3836; x_wconf 91' lang='lat' dir='ltr'><strong>corr.</strong></span> <span class='ocrx_word' id='word_1_314' title='bbox 1926 3803 2024 3837; x_wconf 89' lang='lat' dir='ltr'><strong>rec.</strong></span> <span class='ocrx_word' id='word_1_315' title='bbox 2078 3790 2201 3835; x_wconf 90' lang='lat' dir='ltr'><strong>Item</strong></span> <span class='ocrx_word' id='word_1_316' title='bbox 2225 3786 2287 3833; x_wconf 88' lang='lat' dir='ltr'><strong>D.</strong></span> <span class='ocrx_word' id='word_1_317' title='bbox 2344 3785 2597 3834; x_wconf 81' lang='lat' dir='ltr'>BCEFSP</span> 
     </span>
     <span class='ocr_line' id='line_1_39' title="bbox 449 3874 2392 3935; baseline 0 -14"><span class='ocrx_word' id='word_1_318' title='bbox 449 3888 548 3921; x_wconf 91' lang='lat' dir='ltr'><strong>non</strong></span> <span class='ocrx_word' id='word_1_319' title='bbox 582 3874 780 3922; x_wconf 83' lang='lat' dir='ltr'><strong>habent.</strong></span> <span class='ocrx_word' id='word_1_320' title='bbox 2385 3930 2392 3935; x_wconf 31' lang='lat'>¹</span> 
     </span>
    </p>

    <p class='ocr_par' dir='ltr' id='par_1_10' title="bbox 451 3956 2652 4107">
     <span class='ocr_line' id='line_1_40' title="bbox 589 3956 2597 4022; baseline -0.001 -16"><span class='ocrx_word' id='word_1_321' title='bbox 589 3961 644 4021; x_wconf 88' lang='lat'><strong>5)</strong></span> <span class='ocrx_word' id='word_1_322' title='bbox 679 3960 800 4007; x_wconf 87' lang='lat' dir='ltr'><strong>Cod.</strong></span> <span class='ocrx_word' id='word_1_323' title='bbox 849 3960 1098 4009; x_wconf 89' lang='lat' dir='ltr'><strong>rectius</strong></span> <span class='ocrx_word' id='word_1_324' title='bbox 1147 3966 1475 4010; x_wconf 88' lang='lat' dir='ltr'><strong>mecastor</strong></span> <span class='ocrx_word' id='word_1_325' title='bbox 1522 3961 1854 4022; x_wconf 85' lang='lat' dir='ltr'><strong>piculetae</strong></span> <span class='ocrx_word' id='word_1_326' title='bbox 1897 3961 2280 4012; x_wconf 58' lang='lat' dir='ltr'><strong>Postumae„</strong></span> <span class='ocrx_word' id='word_1_327' title='bbox 2315 3956 2461 4004; x_wconf 87' lang='lat' dir='ltr'><strong>Ribb.</strong></span> <span class='ocrx_word' id='word_1_328' title='bbox 2500 3971 2597 4005; x_wconf 84' lang='lat' dir='ltr'><strong>se-</strong></span> 
     </span>
     <span class='ocr_line' id='line_1_41' title="bbox 451 4044 2652 4107; baseline -0.001 -16"><span class='ocrx_word' id='word_1_329' title='bbox 451 4045 624 4091; x_wconf 87' lang='lat' dir='ltr'><strong>ctius</strong></span> <span class='ocrx_word' id='word_1_330' title='bbox 659 4046 940 4092; x_wconf 87' lang='lat' dir='ltr'><strong>Mecasto</strong></span> <span class='ocrx_word' id='word_1_331' title='bbox 957 4060 982 4092; x_wconf 90' lang='lat' dir='ltr'><strong>r</strong></span> <span class='ocrx_word' id='word_1_332' title='bbox 1027 4047 1206 4107; x_wconf 89' lang='lat' dir='ltr'><strong>picto</strong></span> <span class='ocrx_word' id='word_1_333' title='bbox 1251 4061 1391 4094; x_wconf 87' lang='lat' dir='ltr'><strong>cum</strong></span> <span class='ocrx_word' id='word_1_334' title='bbox 1425 4052 1649 4107; x_wconf 88' lang='lat' dir='ltr'><strong>tapete</strong></span> <span class='ocrx_word' id='word_1_335' title='bbox 1684 4048 2045 4096; x_wconf 87' lang='lat' dir='ltr'><strong>Post-umae.</strong></span> <span class='ocrx_word' id='word_1_336' title='bbox 2113 4044 2213 4091; x_wconf 75' lang='lat' dir='ltr'><strong>Alii</strong></span> <span class='ocrx_word' id='word_1_337' title='bbox 2248 4044 2345 4091; x_wconf 91' lang='lat' dir='ltr'><strong>alia</strong></span> <span class='ocrx_word' id='word_1_338' title='bbox 2378 4044 2598 4090; x_wconf 88' lang='lat' dir='ltr'><strong>coniece-</strong></span> <span class='ocrx_word' id='word_1_339' title='bbox 2646 4053 2652 4058; x_wconf 27' lang='grc' dir='ltr'>Γ</span> 
     </span>
    </p>
   </div>
   <div class='ocr_carea' id='block_1_6' title="bbox 386 4128 1440 4180">
    <p class='ocr_par' dir='ltr' id='par_1_11' title="bbox 386 4128 1440 4180">
     <span class='ocr_line' id='line_1_42' title="bbox 386 4128 1440 4180; baseline 0 -1"><span class='ocrx_word' id='word_1_340' title='bbox 386 4175 391 4179; x_wconf 79' lang='lat'><strong>.</strong></span> <span class='ocrx_word' id='word_1_341' title='bbox 451 4133 579 4179; x_wconf 83' lang='lat' dir='ltr'><strong>runt.</strong></span> <span class='ocrx_word' id='word_1_342' title='bbox 653 4128 729 4176; x_wconf 85' lang='lat' dir='ltr'><strong>Cf.</strong></span> <span class='ocrx_word' id='word_1_343' title='bbox 765 4129 1026 4177; x_wconf 88' lang='lat' dir='ltr'><strong>Ribbeckii</strong></span> <span class='ocrx_word' id='word_1_344' title='bbox 1061 4131 1440 4180; x_wconf 84' lang='lat' dir='ltr'><strong>annotationem.</strong></span> 
     </span>
    </p>
   </div>
  </div>
 </body>
</html>
