2946 4700
1290 1200 1487 1284 Pars
1535 1201 1620 1274 1.·

368 1363 476 1438 De
528 1355 922 1434 rationibus
978 1377 1164 1455 quas
1217 1355 1287 1429 in
1344 1355 1721 1431 vocabulis
1788 1378 1880 1446 ex
1934 1354 2202 1431 Graeca
2275 1355 2524 1455 lingua

457 1479 693 1579 petitis
744 1474 1267 1551 constituendis
1310 1481 1380 1550 et
1421 1474 1846 1574 colligendis
1891 1475 2120 1550 secuti
2160 1499 2436 1553 sumus.

1285 1732 1321 1793 θ
1341 1751 1376 1794 a
1392 1737 1518 1812 put
1562 1733 1605 1792 1.
2284 1811 2288 1814 .

636 1850 733 1915 De
779 1848 1037 1945 consilio
1083 1851 1301 1925 nostro
1346 1848 1410 1912 in
1455 1849 1822 1914 universum
1868 1849 2255 1931 disputatur.

543 2007 773 2083 Operae
810 2003 994 2079 igitur
1044 2003 1303 2080 pretium
1341 2003 1581 2063 videtur
1630 2006 1785 2064 hanc
1833 2024 1956 2063 rem
1997 1987 2331 2079 accuratius
2353 2006 2528 2063 ‘trac-

373 2114 530 2182 tare,
575 2114 635 2168 et
665 2108 820 2167 iusto
860 2107 1133 2165 examine
1184 2107 1340 2166 facto
1395 2126 1684 2186 quaenam
1719 2107 2007 2167 vocabula
2040 2126 2116 2166 ex
2147 2107 2369 2166 Graeca
2410 2105 2527 2165 lin-

376 2231 491 2287 gua
530 2210 903 2269 manaverint
929 2211 1018 2286 1),
1081 2213 1375 2288 quotquot
1425 2229 1628 2270 eorum
1670 2213 1730 2269 et
1773 2229 1850 2269 ex
1896 2209 1973 2268 iis
2018 2209 2419 2269 derivatorum
2459 2209 2527 2268 in

374 2313 774 2374 monumentis
811 2311 1158 2372 Latinarum
1205 2313 1540 2373 litterarum
1580 2316 1817 2388 extant,
1866 2333 1933 2373 ea
1968 2313 2164 2373 omnia
2209 2313 2528 2389 diligenter

373 2418 653 2492 colligere
706 2420 766 2476 et
810 2415 876 2475 in
927 2415 1194 2475 ordinem
1238 2416 1525 2493 redigere.
1616 2418 1761 2477 Cum
1807 2436 1950 2477 vero
1988 2407 2147 2476 vires
2162 2411 2176 2422 ”
2192 2426 2317 2476 'non
2366 2416 2530 2476 suffi-

375 2521 535 2579 ciant
583 2518 1004 2598 antiquitatem
1055 2521 1241 2578 totam
1291 2540 1410 2579 uno
1464 2520 1700 2580 incessu
1747 2521 2106 2597 perlustrare
2158 2525 2219 2580 et
2271 2522 2533 2596 praestet

377 2623 535 2683 intra
581 2624 730 2681 fines
778 2620 1027 2697 exiguos
1073 2641 1260 2697 pauca
1294 2621 1536 2700 quidem
1573 2623 1884 2683 dummodo
1924 2626 2083 2683 certa
2115 2624 2409 2699 proferre,
2456 2624 2529 2680 ab

375 2726 549 2785 initio
580 2724 912 2785 litterarum
945 2742 1188 2783 exorsus
1218 2723 1282 2782 in
1315 2724 1546 2785 Lucilio
1576 2725 1634 2803 2)
1671 2745 1829 2785 nunc
1867 2725 2124 2785 substiti.
2212 2726 2357 2784 Eam
2386 2744 2530 2785 vero

376 2828 748 2905 potissimum
797 2827 871 2885 ob
921 2845 1154 2885 causam
1188 2826 1484 2886 Lucilium
1522 2828 1761 2905 quidem
1809 2826 2067 2903 primum
2113 2826 2291 2886 huius
2335 2826 2532 2911 operis

376 2931 694 2991 terminum
744 2930 956 2988 facere·
989 2928 1138 2987 mihi
1185 2929 1380 2988 visum
1432 2933 1547 3003 est,
1608 2931 1764 3009 quod
1814 2932 1885 2988 ab
1940 2929 2045 2989 illo
2092 2933 2269 3006 poeta
2310 2948 2532 2990 novum

382 3035 674 3111 quoddam
727 3031 1011 3107 temporis
1050 3032 1308 3108 spatium
1342 3032 1408 3091 in
1446 3031 1752 3092 vocabulis
1789 3031 2028 3092 Graecis
2075 3032 2375 3092 sumendis
2418 3032 2535 3092 ini-

379 3135 528 3194 tium
581 3154 789 3215 capere
842 3134 1096 3195 videtur.
1186 3137 1243 3193 N
1244 3156 1357 3212 am*
1387 3156 1577 3216 usque
1630 3138 1704 3195 ad
1756 3135 1921 3195 illius
1969 3140 2235 3213 tempora
2278 3134 2534 3195 Graecae

378 3257 554 3297 voces
588 3242 832 3297 naturae
870 3239 1122 3316 quadam
1157 3238 1512 3298 necessitate
1545 3258 1652 3315 per
1688 3238 2099 3298 commercium
2131 3237 2196 3297 in
2226 3257 2399 3298 usum
2431 3257 2536 3298 ve-

380 3346 599 3401 nerunt
635 3345 696 3401 et
739 3342 910 3400 modo
952 3340 1220 3401 adhibito
1269 3362 1303 3401 a
1349 3342 1739 3418 scriptoribus
1785 3344 2058 3417 receptae
2094 3344 2259 3414 sunt3
2319 3339 2535 3399 abhinc

380 3463 523 3503 vero
571 3445 792 3503 factum
832 3447 948 3517 est,
1007 3446 1075 3502 ut
1106 3444 1361 3506 Romani
1413 3444 1533 3522 ipsi
1588 3465 1684 3505 eas
1723 3447 2078 3525 quaererent
2115 3447 2176 3503 et
2217 3442 2535 3519 scriptores

524 3668 576 3726 1)
611 3666 689 3713 De
725 3665 786 3712 iis
823 3670 987 3714 autem
1022 3670 1212 3713 tantum
1251 3666 1436 3727 dicam,
1476 3681 1629 3726 quae,
1678 3682 1788 3715 cum
1823 3668 1872 3713 in
1910 3667 2242 3713 Romanorum
2278 3650 2535 3711 consuetu-

383 3749 546 3797 dinem
596 3751 834 3810 abierint,
888 3765 942 3799 re
994 3765 1114 3799 vera
1164 3752 1345 3799 tralata
1393 3752 1603 3799 dicenda
1654 3758 1783 3800 sunt.
1866 3753 1996 3799 Nam
2048 3752 2091 3799 si
2140 3748 2269 3811 apud
2307 3749 2536 3795 Plautum

384 3834 587 3883 Graecis
624 3836 791 3884 verbis
827 3837 1017 3883 iuratur
1053 3841 1101 3883 et
1137 3838 1337 3896 luditur,
1376 3838 1456 3884 vel
1496 3838 1537 3884 si
1572 3838 1679 3898 ipse
1716 3837 1908 3884 Graeca
1944 3837 2184 3896 quaedam
2218 3835 2375 3895 fingit,
2406 3834 2538 3881 haec

382 3921 444 3967 ad
482 3926 701 3969 nostram
737 3936 842 3969 rem
878 3936 975 3970 non
1027 3923 1289 3982 pertinent.
1379 3924 1435 3969 ln
1472 3923 1745 3983 appendice
1779 3936 1901 3970 vero
1938 3923 2015 3969 his
2052 3936 2245 3982 quoque
2281 3922 2417 3968 locus
2454 3920 2537 3966 da-

380 4004 528 4053 bitur.

523 4094 575 4153 2)
615 4092 851 4140 Collectio
888 4097 1052 4140 autem
1090 4107 1151 4141 ex
1188 4092 1370 4141 fabulis
1405 4094 1587 4154 togatis
1634 4098 1688 4141 ut
1726 4093 2045 4150 absolvatur,
2100 4095 2268 4140 Attam
2306 4092 2451 4138 etiam
2491 4094 2540 4136 et

383 4176 641 4224 Afranium
679 4178 906 4226 adhibui:
943 4179 1072 4237 quod
1110 4179 1303 4237 quidem
1341 4186 1624 4227 excusatum
1660 4180 1720 4225 iri
1756 4192 1919 4239 spero.

2095 4268 2119 4323 1
