2946 4700
1456 280 1537 345 76

425 435 651 494 pessulus
1151 462 1156 468 ·
1377 438 1475 485 603
1528 434 1768 484 techina*
2482 439 2580 486 718

425 506 589 579 'platea
1187 523 1303 570 344.
1344 523 1475 571 1064
2159 575 2164 581 ,

424 605 508 664 pol
1376 610 1475 656 305
1701 589 1987 639 chremetis
2022 589 2403 639 adulescentie:

425 687 767 738 stomachari*
1376 695 1475 743 323
1527 694 1691 741 hercle
2170 694 2285 742 530.
2326 697 2441 743 727.
2480 696 2576 743 732

681 843 962 892 Thi-aeonis
997 843 1216 893 militis:
1686 843 2002 906 Antiphonis
2036 846 2415 896 adulescentis:

426 946 719 1005 elephantus
1373 952 1473 998 413
1529 949 1779 996 eunuchus
2480 951 2576 998 573

426 1032 676 1080 eunuchus
1373 1036 1475 1082 479
1526 1034 1693 1081 hercle
2480 1039 2576 1084 607

424 1116 558 1164 mina
1373 1120 1471 1166 471
1526 1118 1753 1179 symbola
2324 1122 2440 1169 540.
2479 1118 2575 1168 607

698 1271 921 1331 Pythiae
955 1271 1207 1320 ancillae:
1810 1270 1997 1319 Duriae
2032 1269 2285 1319 ancillam

425 1387 582 1434 apage
1376 1377 1475 1427 904
1529 1375 1778 1421 eunuchus
2070 1394 2078 1401 ·
2478 1378 2576 1422 722

425 1455 688 1518 ephebus*
1375 1463 1473 1510 824
1528 1461 1611 1518 pol
2322 1459 2435 1506 675.
2477 1460 2571 1507 721

374 1577 378 1581 «
425 1545 676 1592 eunuchus
1069 1545 1184 1593 653.
1224 1547 1338 1593 822.
1376 1546 1473 1593 949

423 1628 612 1677 hilarus
630 1628 662 1661 ³¹⁶
700 1627 905 1693 (comp.)
1376 1631 1470 1678 731
1834 1612 2053 1659 Demeae
2089 1610 2258 1660 ⁸⁰¹¹i⁸²

423 1711 703 1762 moechus*
1374 1716 1471 1763 957
1528 1711 1685 1762 astu*
2477 1712 2573 1760 987

423 1800 508 1859 pol
582 1801 697 1848 665.
737 1800 850 1848 719.
894 1800 1008 1849 731.
1047 1799 1164 1848 883.
1201 1801 1318 1847 903.
1356 1800 1470 1848 941.
1528 1801 1695 1847 hercle
2478 1799 2575 1846 984

1343 1886 1473 1933 1009
1528 1886 1779 1933 eunuchus
2477 1885 2575 1931 992

362 2013 366 2017 ,
425 1969 601 2030 edepol
1817 1996 1818 1999 =

553 2462 738 2502 Adnot.
805 2464 903 2503 Cum
929 2474 1048 2511 supra
1074 2464 1265 2510 quaedam
1293 2473 1391 2510 quae
1429 2449 1627 2503 afferenda
1654 2462 1765 2502 erant
1791 2463 1992 2503 omiserim
2009 2491 2019 2509 ,
2063 2463 2128 2502 hic
2154 2462 2264 2502 locus
2290 2462 2340 2501 iis
2366 2462 2468 2502 esto.
2527 2463 2577 2501 In

426 2532 644 2572 Cistellaria
669 2531 799 2570 Bothii
828 2531 998 2571 editione
1024 2532 1266 2571 Berolinensi
1294 2531 1453 2582 (1809),
1499 2534 1541 2571 in
1573 2532 1802 2579 fragmentis
1829 2530 2160 2570 Halberstadtensi
2186 2529 2324 2581 (1821)
2349 2541 2446 2570 usus
2472 2541 2577 2569 sum.

423 2602 517 2641 Attii
546 2601 767 2647 fragmenta
791 2601 944 2647 praeter
969 2601 1118 2646 tragica
1143 2610 1194 2639 ex
1220 2601 1438 2647 appendice
1464 2601 1603 2640 Lucilii
1631 2612 1654 2639 a
1680 2601 1865 2639 Muellero
1904 2600 1999 2639 editi
2039 2601 2203 2645 sumpsi.
2267 2599 2439 2638 Adhibui
2466 2600 2576 2639 Cors-

423 2671 510 2710 seni
545 2669 694 2720 (vocal.
723 2668 816 2720 etc.)
853 2669 949 2708 edit.
985 2670 1169 2715 alteram,
1215 2669 1450 2708 Mommseni
1490 2667 1629 2719 (Rom.
1658 2666 1822 2719 Gesch.)
1859 2668 1951 2707 edit.
1991 2669 2188 2715 quartam,
2230 2668 2356 2707 Fickii
2383 2666 2575 2716 (Wurzel-

425 2736 629 2789 wurterb.)
655 2738 748 2777 edit.
776 2738 952 2778 alteram.
1841 2789 1846 2794 ἱ

556 2807 666 2846 ‘Ant
680 2806 725 2845 el
739 2806 934 2854 ogium'
963 2816 1090 2846 errore
1117 2805 1323 2854 dupliciter
1337 2834 1346 2852 ‚
1376 2806 1415 2844 et
1440 2807 1483 2846 in
1509 2804 1636 2845 indice
1663 2806 1703 2845 et
1729 2806 1770 2845 in
1795 2804 2007 2853 addendis,
2042 2804 2206 2843 allatum
2231 2805 2306 2843 est.

1227 3286 1789 3362 Corrigenda.

427 3439 476 3485 p.
504 3426 569 3472 20
608 3439 657 3470 v.
687 3426 752 3471 20
790 3424 900 3483 lege
925 3421 1248 3490 ’‘calicem’
1283 3427 1368 3469 aut
1399 3416 1697 3481 ικύλικα’,
1739 3436 1829 3482 pro
1862 3420 2155 3469 ‘calicem'
2191 3425 2241 3469 et
2274 3415 2571 3477 ικύλικαζ
