2946 4700
1444 232 1527 295 69

410 389 692 471 tribuitur
725 409 759 448 a
789 391 980 464 poeta.
1072 387 1276 446 Habes
1311 387 1471 446 enim
1506 387 1671 448 Trin.
1711 393 1831 445 669
1879 390 2147 448 ‘mores
2178 385 2559 447 hominum

409 512 646 552 moros
691 490 973 551 efficit’
1017 489 1302 568 Lysitelis
1332 490 1759 564 adulescentie,
1802 489 1931 548 Mil.
1968 490 2088 548 672
2138 493 2408 548 ‘morus
2456 488 2561 548 cs’

407 593 877 671 Periplecomeni
929 592 1116 665 senis,
1185 594 1344 653 Men.
1392 595 1506 653 571
1574 592 1891 653 ‘utimur
1952 610 2287 651 maxume
2349 611 2560 652 more

407 694 638 756 moro'
671 695 1043 755 Menaechmi
1072 697 1138 766 I;
1185 699 1391 755 contra
1428 697 1640 756 Pseud.
1683 699 1844 753 1264
1880 693 2381 769 ‘sermonibus
2411 713 2557 753 mo·

409 799 706 875 relegis
764 795 906 857 uti'
969 797 1251 857 Pseuduli
1304 798 1494 872 servi,
1561 800 1723 857 Pers.
1768 802 1847 855 49
1911 795 2363 872 ‘morologus
2415 794 2559 856 fio’

410 901 611 961 Toxili
659 901 834 961 servi.
924 901 1292 960 Adverbium
1341 899 1595 961 ‘more'
1645 921 1678 960 a
1709 898 1911 959 Sticho
1951 918 2122 960 servo
2167 898 2349 958 semel
2391 917 2561 958 usur-

407 1008 584 1082 patur
633 1008 864 1063 ‘more
907 1005 1045 1062 hoc
1087 1003 1220 1062 fit'
1262 1002 1445 1063 Stich.
1483 1007 1623 1063 641.
1711 1003 1862 1062 Utut
1908 1012 2050 1062 vero
2101 1003 2247 1061 haec
2290 1021 2385 1061 res
2429 1021 2557 1061 sese

406 1109 617 1180 habet,
660 1109 771 1166 hoc
803 1106 1042 1185 quidem
1076 1126 1152 1164 ex
1184 1106 1307 1165 illis
1335 1105 1483 1166 locis
1515 1108 1766 1166 evadere
1800 1104 2039 1165 videtur
2071 1110 2161 1162 ‘m
2180 1101 2407 1164 orum’
2438 1104 2558 1163 iam

404 1211 509 1269 diu
540 1210 819 1269 tralatum
850 1208 1032 1268 fuisse
1051 1253 1067 1281 ,
1114 1209 1421 1268 ‘morolo
1440 1206 1633 1284 gum'
1679 1213 1883 1268 contra
1914 1208 2179 1268 nondum
2208 1206 2445 1285 plenam
2477 1207 2559 1266 ci-

406 1312 653 1372 vitatem
697 1317 840 1372 tunc
883 1311 1229 1372 obtinuisse.

577 1414 783 1474 Omnis
814 1419 1011 1475 autem
1057 1416 1204 1475 haec
1237 1433 1332 1474 res
1369 1413 1559 1490 magis
1600 1413 1780 1474 etiam
1813 1415 1882 1473 ut
1910 1412 2271 1486 illustretur,
2315 1415 2377 1473 et
2418 1431 2557 1473 con-

406 1522 672 1596 spectum
718 1519 791 1575 de
826 1537 936 1575 usu
978 1516 1301 1591 insignium
1333 1517 1680 1576 tralatorum
1711 1515 1893 1576 semel
1927 1520 2158 1576 tantum
2193 1516 2352 1593 apud
2380 1515 2557 1575 Plau-

404 1627 531 1679 tum
564 1618 899 1678 extantium
933 1620 1082 1678 dabo
1119 1623 1180 1678 et
1213 1619 1694 1679 distributionem
1726 1618 1988 1678 omnium
2021 1616 2261 1678 omnino
2292 1637 2424 1678 cum
2456 1620 2558 1678 de-

405 1722 615 1781 rivatis
663 1721 729 1780 in
766 1721 1030 1798 singulas
1063 1742 1346 1799 personas
1383 1742 1458 1782 ex
1506 1721 1811 1782 nonnullis
1841 1721 2040 1781 Plauti
2074 1720 2292 1781 fabulis
2335 1725 2397 1780 et
2437 1740 2557 1779 una

407 1824 676 1884 Terentii
724 1844 1065 1902 proponam.
1154 1826 1250 1883 Ex
1295 1845 1412 1904 quo
1458 1825 1638 1885 etiam
1684 1823 1837 1884 illud
1885 1823 2197 1901 apparebit
2236 1822 2556 1882 maximam

404 1927 729 2003 insignium
761 1929 1110 1989 tralatorum
1141 1932 1370 2004 partem
1408 1927 1473 1986 in
1511 1947 1611 1987 ore
1640 1927 1946 1986 hominum
1978 1926 2283 1987 inferioris
2312 1924 2557 1999 ordinis,

316 2086 321 2091 .
402 2030 659 2090 maxime
690 2049 995 2091 servorum
1027 2049 1172 2089 esse.
1234 2031 1314 2088 Et
1346 2050 1702 2109 quamquam
1732 2049 1940 2089 verum
1973 2029 2213 2108 quidem
2246 2033 2338 2090 est
2365 2028 2555 2088 maxi-

402 2151 557 2191 mam
590 2132 847 2192 diverbii
881 2135 1111 2208 partem
1155 2131 1276 2191 illis
1311 2131 1550 2217 omnino
1590 2134 1786 2191 datam
1818 2151 1976 2205 esse,
2019 2130 2199 2190 huius
2230 2135 2430 2191 tamen
2462 2130 2553 2190 rei

398 2234 692 2295 rationem
726 2236 902 2312 plane
939 2235 1082 2295 inde
1115 2252 1242 2296 esse
1280 2236 1599 2311 petendam
1632 2253 1753 2293 non
1782 2233 1958 2294 facile
1990 2232 2361 2298 crediderim.

599 2498 819 2553 Semel
852 2498 1172 2556 *extantia
1214 2500 1284 2554 et
1325 2509 1655 2565 personae
1696 2508 1873 2564 quae
1915 2495 2005 2552 iis
2046 2498 2361 2573 utuntur.

603 2642 924 2678 anancaeum
1116 2630 1243 2677 Rud.
1283 2630 1380 2678 363
1629 2628 1891 2675 Trachalio
1926 2630 2102 2676 servus

602 2714 891 2775 apolactizo
1115 2716 1262 2776 Epid.
1301 2717 1398 2764 662
1559 2727 1560 2732 ’
1628 2713 1861 2774 Epidicus
2004 2746 2036 2772 ‚,

602 2800 873 2848 badissare
1115 2801 1257 2848 Asin.
1298 2802 1394 2847 706
1627 2797 1849 2845 Libanus
2006 2829 2037 2855 „

603 2883 826 2932 blennns
1117 2885 1295 2930 Bacch.
1337 2885 1466 2933 1088
1629 2883 1901 2930 Nicobulus
1935 2896 2086 2929 senex

604 2968 878 3016 cincinnus
970 3003 977 3008 .
1115 2969 1260 3016 Truc.
1297 2970 1344 3027 2,
1379 2972 1426 3028 2,
1457 2971 1523 3017 32
1629 2967 1900 3016 Stratullax
1934 2981 2110 3015 servus

604 3052 777 3113 clepta
1203 3088 1234 3114 „
1307 3058 1353 3113 1,
1382 3057 1428 3115 2,
1456 3054 1485 3100 9
1628 3053 1922 3114 Astaphium
1956 3052 2135 3100 ancilla

603 3139 840 3187 cottabus
876 3139 1046 3201 (plur.)
1116 3140 1251 3187 Trin.
1291 3142 1421 3188 1011
1628 3139 1867 3187 Stasimus
1901 3152 2079 3187 servus

602 3224 818 3284 cynicus
1113 3226 1250 3274 Pers.
1291 3228 1389 3275 123
1628 3224 1823 3272 Saturio
1855 3224 2103 3285 parasitus

601 3308 782 3370 cynice
1116 3311 1266 3359 Stich.
1305 3314 1403 3361 699
1628 3309 1895 3371 Sagarinus
1928 3324 2105 3359 servus

601 3397 892 3446 danisticus
1114 3398 1260 3445 Most.
1297 3398 1396 3446 658
1560 3395 1565 3402 ’
1626 3396 1806 3443 Tranio
1975 3381 2023 3457 ’,,

532 3479 539 3484 ’
601 3483 816 3543 drapeta
1112 3483 1254 3530 Curc.
1293 3484 1393 3530 290
1627 3482 1855 3530 Curculio
1890 3482 2137 3544 parasitus

602 3567 772 3616 dulice
872 3629 873 3632 Ἴ
1111 3570 1216 3616 Mil.
1254 3571 1352 3617 213
1623 3569 2054 3630 Periplecomenus
2088 3582 2239 3617 senex

602 3653 840 3712 dynamis
1110 3645 1288 3703 Pseud.
1328 3657 1447 3716 211Φ
1623 3655 1786 3702 Ballio
1821 3656 1937 3701 leno
2045 3646 2057 3652 ’

601 3737 882 3798 emporium
1109 3742 1289 3801 Amph.
1327 3742 1458 3790 1013
1565 3771 1569 3775 ·
1622 3740 1917 3802 Amphitruo

601 3822 842 3883 epitheca
1113 3826 1248 3872 Trin.
1291 3826 1422 3875 1025
1626 3825 1866 3875 Stasimus
1901 3840 2077 3875 servus

600 3920 696 3957 exo
1112 3912 1256 3959 Truc.
1288 3915 1334 3971 2,
1364 3913 1408 3971 7,
1437 3915 1465 3961 7
1624 3910 1840 3972 Cyamus
1966 3944 1997 3971 ‚,

598 4007 788 4056 geuma
1107 3996 1262 4045 Poen.
1299 3998 1396 4045 692
1621 3997 1787 4057 Lycus
1821 3996 1934 4044 leno

597 4079 872 4141 glaucoma
1108 4081 1213 4130 Mil.
1253 4084 1353 4131 148
1621 4081 1891 4131 Palaestrio
1927 4095 2101 4130 servus
