2946 4700
1386 282 1471 358 33

1268 474 1365 550 Ex
1408 475 1591 551 Attio

658 601 1056 680 thyrsus1)
1105 607 1260 677 251;
1305 603 1430 662 dia
1454 603 1514 680 2)
1560 604 1717 675 4173
1764 603 1944 661 echo
1972 601 2029 680 3)
2076 602 2217 662 572.

1259 996 1455 1069 Pars
1507 996 1611 1069 11.

651 1133 1351 1225 Enumeratio
1431 1130 2236 1210 vocabulorum.

537 1337 996 1402 Quaestionibus
1032 1358 1179 1417 quas
1213 1337 1680 1415 praemittendas
1712 1337 1859 1397 duxi
1892 1357 2052 1397 nunc
2083 1337 2201 1396 iam
2233 1337 2519 1398 absolutis

366 1445 438 1502 ad
468 1443 659 1519 ipsam
689 1442 1194 1502 enumerationem
1224 1441 1582 1503 tralatorum
1601 1444 1662 1500 et
1690 1460 1767 1499 ex
1793 1440 1871 1499 iis
1903 1441 2302 1502 derivatorum
2331 1443 2521 1499 trans·

365 1563 513 1605 eam.
602 1543 793 1607 Quam
842 1564 973 1604 cum
1025 1543 1202 1603 initio
1254 1541 1483 1619 triplici
1529 1544 1701 1603 modo
1747 1542 2063 1603 instituere
2111 1542 2263 1601 mihi
2306 1561 2523 1619 propo-

366 1646 643 1718 suissem,
703 1645 960 1722 primum
1006 1650 1074 1704 ut
1121 1648 1453 1723 appareant
1473 1645 1763 1707 vocabula
1803 1644 1869 1704 in
1916 1644 2167 1722 singulis
2213 1642 2521 1721 scriptoris

367 1747 832 1827 uniuscuiusque
879 1749 1158 1824 operibus
1191 1753 1504 1824 usurpata,
1549 1753 1675 1809 tum
1723 1750 1796 1807 ab
1833 1767 2189 1827 unoquoque
2233 1746 2520 1824 scriptore

366 1850 432 1921 in
469 1849 816 1910 universum
850 1850 1148 1924 adhibita,
1195 1858 1492 1929 postremo
1540 1871 1657 1910 uno
1694 1854 2014 1927 conspectu
2050 1849 2247 1910 omnia
2279 1848 2519 1909 omnino

367 1955 527 2030 apud
575 1973 778 2025 omnes
830 1953 1148 2029 scriptores
1188 1961 1248 2013 et
1296 1954 1363 2012 in
1409 1952 1904 2028 inscriptionibus
1935 1971 2143 2031 >usque
2186 1952 2260 2010 ad
2301 1950 2523 2011 Lucilii

360 2060 621 2115 aetatem
655 2055 952 2128 extantia,
998 2075 1158 2114 nunc
1190 2074 1404 2114 verens
1449 2074 1525 2113 ne
1576 2054 1799 2131 triplex
1846 2055 2168 2114 eorundem
2202 2054 2520 2114 vocabulo-

368 2175 497 2214 rum
539 2161 887 2233 conspectus
935 2158 1271 2233 legentibus
1307 2157 1610 2218 molestias
1647 2158 1857 2218 afferat
1882 2178 2066 2217 unum
2102 2161 2361 2232 tantum,
2404 2161 2526 2218 ter-

370 2258 519 2317 tium
551 2259 719 2318 illum
755 2259 963 2320 ordine
997 2259 1370 2335 alphabetico
1405 2261 1740 2320 confectum
1785 2265 1922 2320 ante
1956 2259 2155 2319 oculos
2185 2280 2358 2337 ponc.
2447 2263 2522 2319 In

373 2381 441 2421 eo
473 2382 615 2422 vero
649 2383 742 2423 me
774 2383 884 2424 nec
917 2363 1336 2441 repetitionem
1373 2365 1794 2425 vocabulorum
1814 2364 1874 2443 4)
1925 2384 2035 2424 nec
2071 2364 2339 2425 ordinem
2372 2368 2525 2425 tem-

373 2485 580 2541 porum
614 2486 729 2544 quo
763 2449 1078 2526 floruerint
1111 2466 1429 2543 scriptores
1465 2467 1901 2541 neglecturum,
1946 2470 2083 2544 post
2114 2486 2184 2527 ea
2219 2487 2371 2548 quae
2403 2466 2524 2527 iam

371 2567 436 2626 in
471 2567 664 2644 capite
695 2570 886 2645 primo
918 2568 1076 2630 dicta
1108 2574 1250 2629 sunt
1274 2570 1436 2629 haud
1465 2574 1558 2630 est
1590 2572 1748 2649 quod
1776 2572 1970 2630 denuo
2003 2590 2314 2647 exponam.
2402 2570 2528 2628 Ad-

318 2681 323 2682 ’
374 2672 631 2731 dendum
683 2676 880 2732 autem
917 2675 1009 2732 est
1039 2691 1135 2732 me
1179 2672 1247 2732 in
1296 2672 1601 2733 nonnullis
1648 2671 1923 2745 vocibus,
1980 2672 2150 2731 velut
2197 2692 2228 2731 e
2250 2673 2525 2743 castor,

372 2774 655 2848 hercle,
700 2776 860 2853 pol,
907 2776 1218 2852 edepol,
1265 2776 1466 2835 mina
1489 2776 1578 2853 ⁵),
1626 2795 1771 2854 quas
1807 2794 1940 2833 cum
1981 2773 2233 2850 singulis
2274 2772 2421 2834 locis
2459 2772 2526 2832 in

375 2877 590 2955 quibus
630 2882 842 2937 extant
878 2857 1223 2937 enumerare
1272 2881 1374 2937 aut
1422 2876 1736 2935 molestum
1785 2879 1887 2935 aut
1933 2895 2054 2934 non
2100 2874 2303 2951 magni
2346 2875 2526 2953 pretii

515 3051 566 3108 1)
604 3046 932 3107 ‘thyrsus'
968 3062 1029 3094 ex
1064 3047 1165 3094 illis
1201 3051 1290 3105 est,
1329 3061 1452 3105 quae
1488 3045 1597 3106 ipse
1619 3046 1764 3094 Ribb.
1808 3046 1946 3095 uncis
1979 3046 2178 3094 inclusit
2211 3046 2525 3095 annotatione

376 3132 544 3179 addita
581 3133 736 3180 ‘uncis
771 3132 961 3201 inclusa
995 3148 1095 3180 non
1132 3137 1303 3180 extant
1335 3134 1386 3179 in
1423 3131 1597 3181 libris’.

515 3218 566 3283 2)
604 3223 754 3266 tunc
806 3219 1144 3266 diomedes
1195 3222 1255 3265 et
1304 3218 1435 3265 libri.
1509 3223 1620 3265 tun
1672 3218 1771 3265 dia
1818 3218 2044 3265 Medea
2090 3232 2154 3265 es
2203 3218 2525 3277 Passeratius»,

373 3304 543 3351 Herm.
578 3304 736 3351 Elem.
775 3305 823 3351 d.
860 3318 923 3351 m.
961 3318 1012 3364 p.
1042 3305 1168 3363 159,
1222 3303 1371 3351 Ribb.
1458 3304 1539 3352 De
1585 3303 2010 3353 emendationibus
2045 3303 2254 3351 aliorum
2299 3304 2365 3353 cf.
2400 3318 2524 3364 quae

373 3389 519 3437 Ribb.
556 3389 830 3437 annotavit.
1816 3395 1819 3399 '

515 3474 723 3532 3).Cod.
761 3489 953 3522 saeva
989 3474 1296 3522 sonando.
1368 3473 1517 3522 Ribb.
1555 3474 1911 3522 suauisona
1946 3475 2127 3534 ech03
2180 3474 2351 3535 Bergk
2386 3488 2524 3522 sae-

375 3558 599 3606 uisona
646 3560 764 3607 ech
781 3575 826 3607 ο.
910 3560 1220 3619 Quamquam
1266 3560 1361 3608 hae
1413 3562 1780 3608 emendationes
1816 3561 2146 3621 fragmentum
2180 3558 2382 3605 nitidius
2416 3559 2526 3605 red-

378 3644 499 3691 dunt
532 3658 678 3703 quam
713 3645 905 3691 Barthii
942 3649 1168 3693 ‘saeva
1211 3644 1518 3692 tonando’
1555 3650 1605 3693 et
1637 3646 1852 3693 Bentleii
1889 3649 2116 3693 ‘saeva
2152 3642 2461 3691 Celaeno’
2497 3657 2528 3690 a

373 3731 596 3778 codicum
630 3729 871 3789 scriptura
904 3734 1094 3777 tantum
1131 3731 1393 3789 differunt,
1431 3734 1486 3776 ut
1519 3745 1695 3791 parum
1734 3735 1895 3778 certae
1932 3730 2052 3777 mihi
2087 3729 2363 3776 videantur.

512 3817 567 3875 4)
602 3814 856 3863 Vocabula
904 3830 966 3863 ex
1018 3815 1306 3877 fragmentis
1356 3816 1655 3863 incertorum
1706 3817 2001 3875 scriptorum
2052 3829 2081 3861 a
2116 3828 2225 3861 meo
2274 3814 2526 3876 proposito

375 3902 537 3949 aliena
560 3901 692 3961 duxi,
727 3901 846 3949 item
881 3915 1008 3960 quae
1032 3900 1190 3949 conici
1226 3905 1415 3948 tantum
1451 3906 1659 3962 possunt
1695 3916 1725 3948 a
1760 3899 2080 3961 scriptoribus
2103 3904 2339 3959 usurpata
2361 3899 2528 3947 fuisse.

514 3988 567 4050 5)
605 3986 953 4035 ‘nummus’
1003 3991 1168 4035 autem
1215 3987 1583 4035 accuratissime
1630 4001 1740 4034 cum
1790 3986 1996 4045 singulis
2048 3984 2168 4032 locis
2204 3999 2234 4031 a
2267 4000 2346 4032 me
2381 3986 2526 4032 affer-

377 4077 482 4131 tur,
530 4074 659 4133 quod
696 4088 807 4122 cum
841 4088 942 4121 vox
977 4074 1064 4120 illa
1098 4074 1294 4132 saepius
1328 4074 1379 4120 in
1415 4072 1705 4120 universum
1739 4086 1830 4132 pro
1869 4075 1881 4099 ⁴
1898 4070 2199 4131 pecunia?
2236 4069 2529 4117 adhibeatur

377 4158 509 4206 locos
545 4174 712 4208 omnes
747 4161 983 4208 collectos
1015 4158 1199 4207 habere
1235 4159 1482 4206 interdum
1518 4163 1648 4206 certe
1684 4158 1991 4218 aliquantum
2026 4155 2228 4203 valebit.

2081 4248 2116 4303 3
