2946 4700
1421 319 1505 388 25

392 484 567 542 affert
592 480 648 559 ι)
681 479 867 539 Plinii
887 479 1023 554 XV,
1062 485 1113 554 1,
1155 484 1180 538 l
1215 478 1589 540 “Fenestella
1616 497 1760 537 vero
1794 477 2019 556 (aiebat
2053 476 2266 553 oleam)
2298 474 2537 536 omnino

389 606 510 646 non
561 572 745 645 fuisse
792 582 858 642 in
908 581 1087 642 Italia
1121 581 1537 661 Hispaniaque
1585 583 1688 641 aut
1727 580 1932 641 Africa
1972 576 2299 658 Tarquinio
2333 578 2536 638 Prisco

389 665 677 763 regnante
713 688 786 746 ab
820 685 992 746 annis
1027 685 1236 762 populi
1266 683 1522 744 Romani
1552 681 1926 757 CLXX111”,
1970 701 2169 742 nonne
2212 680 2358 741 satis
2403 700 2541 740 con-

392 794 512 850 stat
562 789 1055 868 quemadmodum
1106 785 1508 866 antiquissimi
1556 785 1873 862 scriptores
1890 831 1904 858 ,
1963 804 2041 844 ex
2091 783 2308 863 quibus
2350 783 2541 842 Fene-

391 892 594 964 stella,
640 910 995 971 quamquam
1042 889 1174 967 ipse
1225 889 1464 968 quidem
1507 887 1765 964 diligens
1812 889 2015 947 auctor
2031 933 2046 960 ‚
2102 885 2398 957 hauserit,
2443 903 2539 945 res

392 992 830 1056 confinxerint?
918 992 1048 1057 Quo
1084 993 1211 1054 loco
1241 1011 1336 1052 res
1370 990 1661 1051 eiusmodi
1702 989 2015 1070 Tarquinii
2047 986 2413 1066 temporibus
2450 1008 2539 1048 es-

393 1100 558 1169 sent,
601 1115 790 1176 aeque
823 1115 891 1156 ac
936 1083 1109 1155 nobis
1138 1094 1264 1154 illis
1306 1077 1740 1170 incompertum
1777 1092 1911 1153 fuit.
1998 1092 2090 1152 De
2134 1089 2540 1151 ‘columba'

395 1198 627 1258 Hehnii
672 1197 1105 1274 argumentatio
1137 1196 1422 1257 historica
1466 1199 1558 1256 est
1578 1195 1665 1274 ²):
1692 1179 2072 1255 ’“verisimile
2118 1213 2247 1253 esse
2280 1213 2390 1270 per
2424 1193 2546 1279 Vef

392 1300 552 1360 neris
584 1292 878 1378 Erycinae
913 1300 1202 1361 sacrificia
1233 1301 1347 1359 hoc
1380 1297 1599 1358 animal
1634 1298 1709 1358 ad
1741 1299 2038 1358 Romanos
2066 1294 2354 1357 venisse’'.
2442 1298 2541 1355 An

397 1403 538 1482 quia
586 1402 650 1464 in
697 1406 899 1464 monte
945 1404 1139 1481 Eryce
1187 1402 1493 1462 columbae
1538 1400 1764 1461 Veneri
1815 1420 2014 1460 sacrae
2059 1402 2259 1473 erant,
2316 1397 2539 1458 idcirco
2591 1437 2596 1441 -

394 1505 525 1565 fieri
569 1525 693 1566 non
735 1505 963 1583 potuit,
1020 1509 1090 1565 ut
1134 1504 1254 1582 ipsi
1287 1503 1544 1564 Romani
1591 1523 1669 1562 ex
1714 1501 2146 1582 antiquissimis
2177 1501 2542 1579 temporibus

397 1609 696 1668 columbas
726 1602 1056 1669 haberent‘}>
1123 1606 1370 1666 Minime
1401 1604 1586 1681 igitur
1619 1607 1777 1686 quod
1806 1605 1990 1665 Hehn
2024 1604 2292 1683 protulit,
2339 1624 2542 1684 quam-

397 1730 572 1790 quam
625 1709 891 1770 accidere
941 1709 1180 1788 quidem
1227 1709 1450 1786 potuit,
1511 1713 1631 1768 tam
1677 1708 1808 1769 veri
1845 1707 2039 1768 simile
2088 1711 2205 1780 est,
2268 1711 2337 1767 ut
2378 1707 2541 1766 aliud

397 1812 544 1891 quid
586 1811 833 1888 cogitari
877 1803 1152 1892 nequeat.
1241 1812 1549 1887 Hactenus
1593 1813 1667 1871 de
1710 1802 1824 1872 hoe
1869 1829 2087 1888 genere
2127 1813 2249 1870 tam
2293 1808 2539 1869 lubrico.

563 1913 820 1975 Secundi
863 1915 1098 1992 generis
1143 1917 1314 1976 sunt:
2155 1929 2160 1933 ’

1048 2103 1276 2179 patina,
1329 2119 1551 2172 carcer,
1603 2103 1876 2160 calmum.

393 2219 801 2281 ‘Patinam'
845 2221 1113 2281 MommS.
1143 2222 1312 2281 Rom.
1348 2219 1558 2281 Gesch.
1594 2223 1645 2294 1,
1685 2226 1807 2280 200
1858 2239 1891 2279 e
1923 2239 2192 2280 sermone
2226 2220 2441 2283 Latino
2476 2222 2542 2282 in

393 2325 657 2402 linguam
691 2323 1025 2385 Siculorum
1059 2323 1253 2385 abisse
1291 2328 1517 2398 censet,
1562 2322 1721 2383 Curt.
1762 2321 2018 2383 Grundz.
2072 2343 2169 2385 no.
2205 2328 2323 2383 215
2365 2325 2542 2387 trala-

394 2428 616 2488 tionem
662 2427 1013 2504 suspicatur.
1112 2427 1290 2488 Saalf.
1339 2427 1462 2488 ind.
1518 2446 1575 2504 p.
1625 2432 1699 2486 61
1758 2446 1964 2487 vocem
2013 2427 2345 2504 assumpsit.
2389 2472 2394 2478 -
2449 2429 2541 2488 De

395 2530 710 2590 ‘catina'
756 2533 818 2590 et
860 2529 1224 2590 ‘carcere’
1265 2530 1384 2592 viri
1430 2530 1590 2590 docti
1637 2549 1757 2589 non
1802 2530 2054 2590 multum
2097 2530 2541 2609 quaesiverunt3

393 2633 552 2709 apud
581 2631 759 2692 Saalf.
796 2652 916 2691 non
949 2632 1294 2693 afferuntur.
1362 2631 1529 2696 Quae
1565 2652 1697 2692 cum
1730 2634 1888 2709 apud
1918 2633 2275 2711 posteriores
2308 2635 2544 2694 d'emum

392 2733 710 2812 scriptores
743 2733 995 2795 Graecos
1027 2735 1246 2812 partim
1279 2739 1633 2812 appareant,
1678 2735 1896 2812 partim
1933 2737 2091 2812 apud
2125 2735 2378 2796 comicos
2412 2739 2544 2796 tan-

394 2842 553 2911 tum,
598 2843 719 2896 tam
760 2858 794 2896 a
825 2825 1073 2897 Graecis*
1105 2839 1179 2897 ad
1211 2840 1510 2898 Romanos
1542 2858 1718 2915 quam
1752 2857 1785 2896 e
1813 2837 2021 2913 lingua
2051 2836 2286 2913 vulgari
2317 2838 2543 2898 Siculo-

393 2960 523 2999 rum
557 2941 632 2999 ad
662 2940 961 2998 Romanos
995 2939 1232 2999 venisse
1279 2939 1612 2999 existimari
1661 2945 1921 3016 possunt.
2008 2941 2323 3001 Falluntur
2365 2947 2541 3015 certe,

326 3063 331 3067 ·
396 3041 502 3119 qui
548 3060 673 3099 rem
720 3040 1040 3109 ‚diiudicari
1091 3060 1264 3118 posse
1313 3040 1693 3102 arbitrantur.
1789 3042 2108 3104 Videamus
2157 3043 2314 3103 enim
2363 3045 2539 3122 paulo

395 3142 725 3215 accuratius
758 3143 839 3202 der
867 3148 931 3220 ‘p
951 3142 1210 3205 atina’.
1292 3144 1558 3204 Affertur
1592 3136 1948 3222 ‘werdun’
1980 3146 2079 3223 (cf.
2109 3146 2259 3207 Poll.
2284 3147 2389 3222 VI,
2428 3154 2505 3207 90
2523 3170 2538 3221 ;

394 3246 485 3320 Χ,
533 3246 678 3323 107)
723 3265 800 3305 ex
833 3246 1188 3323 Epicharmo
1239 3252 1299 3307 et
1336 3247 1645 3324 Sophrone
1670 3249 1761 3326 ³);
1821 3242 2254 3310 ‘waroivtov’
2285 3270 2379 3310 ‹ex
2418 3252 2539 3311 Eu-

535 3414 585 3481 1)
622 3416 852 3465 Ceterum
885 3417 994 3477 ipse
1031 3417 1178 3466 Hehn
1213 3421 1382 3465 monet
1404 3412 1737 3467 Fenestellam
1770 3420 1932 3468 locum
1966 3421 2175 3469 sortasse
2210 3411 2448 3469 Herodoti
2485 3422 2537 3470 in

392 3502 486 3548 hac
518 3516 571 3550 re
605 3487 913 3562 respexisse(
2159 3515 2162 3516 ’

534 3588 586 3646 2)
622 3585 772 3633 Saalf.
807 3587 907 3634 ind.
943 3602 991 3648 p.
1023 3589 1083 3635 15
1120 3602 1296 3635 vocem
1331 3589 1598 3649 assumpsit
1634 3593 1682 3636 et
1704 3590 1888 3637 Hehnii
1923 3589 2079 3638 verba
2114 3591 2320 3639 “Italien
2349 3592 2541 3639 machte

395 3673 485 3719 mit
519 3672 605 3719 der
635 3673 922 3721 Haustaube
957 3675 1090 3722 wohl
1125 3675 1279 3722 durch
1303 3675 1666 3735 Vermittelung
1704 3675 1791 3723 des
1816 3676 2045 3736 Tempels
2075 3674 2180 3724 'von
2203 3677 2341 3737 Eryx
2376 3682 2541 3725 zuerst

393 3757 816 3805 Bekanntsehaft”
866 3760 938 3805 ita
971 3760 1183 3807 reddidit
1229 3764 1353 3821 “per
1387 3760 1597 3808 Veneris
1630 3760 1878 3821 Erycinae
1913 3761 2151 3833 sacrificia
2198 3755 2443 3829 κόλομβοι
2487 3763 2540 3811 ἰιι

393 3845 586 3891 Italiam
623 3844 1006 3903 migraverunt.”
1077 3845 1296 3893 Verbum
1333 3845 1496 3893 ‘wohl’
1542 3861 1572 3893 a
1606 3846 1827 3894 Hehnio‘
1851 3852 1990 3894 caute
2036 3847 2256 3893 additum
2302 3850 2539 3909 neglexit.

394 3930 672 3977 Pessimum
709 3930 893 3978 factum
927 3932 978 3977 in
1015 3932 1193 3980 litteris
1229 3932 1289 3979 de
1325 3931 1499 3990 rebus,
1538 3932 1598 3979 de
1634 3932 1812 3989 quibus
1848 3931 1932 3978 alii
1966 3936 2021 3978 ut
2054 3932 2114 3980 de
2150 3933 2260 3980 veri
2295 3933 2540 3983 similibus

392 4020 583 4062 tantum
620 4015 875 4076 dixerunt,
928 4017 1026 4064 iam
1055 4002 1164 4078 *pro
1194 4022 1354 4078 ⁴parte
1403 4033 1495 4066 sua
1541 4022 1791 4076 tamquam
1825 4018 1886 4064 de
1933 4018 2080 4066 certis
2114 4019 2328 4067 referre!
2396 4020 2541 4079 Quod

394 4114 492 4147 non
528 4100 827 4150 monuissem
861 4102 957 4149 nisi
994 4103 1190 4163 saepius
1225 4108 1518 4151 occurreret.

531 4188 584 4247 3)
620 4187 946 4237 Nicocharem
979 4189 1136 4237 mitto.
1206 4191 1336 4239 Nam
1371 4190 1414 4239 si
1449 4188 1581 4251 apud
1616 4189 1741 4236 Poll.
1775 4189 1838 4250 X,
1869 4191 1963 4239 107
2002 4192 2077 4238 est
2115 4185 2219 4241 ‘ml
2242 4184 2540 4257 Νικοχάρης
