2946 4700
1584 271 1669 336 64

1386 478 1845 539 Lysimachus.

1231 581 1362 640 quod
1397 596 1576 630 nomen
1612 582 1702 631 tibi
1739 583 1897 631 dicam
1935 584 2083 632 esse?

1398 734 1841 797 Pasicompsa.

1671 840 2035 902 Pasicompsae.

1316 979 1333 988 ⁴
1391 992 1844 1056 Lysimachus.

542 1075 622 1122 Ex
657 1074 817 1124 forma
850 1089 1030 1125 nomen
1066 1075 1323 1126 inditumst
1359 1113 1372 1126 .
1409 1112 1422 1127 .
1461 1115 1472 1128 .
1513 1114 1527 1130 .
2287 1082 2437 1130 Merc.
2480 1085 2577 1133 517

1397 1232 1822 1281 Diniarchus.

538 1331 667 1378 Nam
692 1310 821 1379 ¹mihi
854 1330 978 1380 haec
1012 1331 1245 1380 meretrix
1281 1348 1407 1393 quae
1442 1335 1523 1383 hic
1557 1335 1749 1383 habitat
1781 1335 2103 1382 Phronesium
2281 1370 2426 1417 Tme-
2467 1312 2647 1429 1,=158

541 1415 693 1465 Suom
726 1431 906 1466 nomen
942 1430 1086 1465 omne
1122 1432 1183 1466 ex
1217 1425 1418 1479 pectore
1453 1420 1673 1468 exmovit
1705 1435 1815 1468 meo

674 1498 956 1569 [φρόνησιν,
993 1517 1104 1550 nam
1141 1500 1391 1570 φρόνησις
1426 1511 1503 1555 est
1536 1505 1814 1568 sapientiaJ.

1497 1658 1727 1719 Hegio.

540 1757 670 1818 Quid
709 1761 814 1806 erat
848 1757 894 1806 ei
928 1760 1145 1808 nomen?
2294 1762 2435 1824 Capt.
2475 1763 2575 1812 285

1387 1894 1836 1944 Philocrates.

1256 1997 2113 2061 '1'hensaurochrysonicochrysides,

1485 2153 1728 2214 Hegio.

483 2267 488 2279 ¹
535 2254 780 2302 Videlicet
814 2258 1017 2317 propter
1052 2255 1249 2303 diuitias
1284 2254 1495 2305 inditum
1530 2257 1582 2303 id
1617 2270 1795 2304 nomen
1832 2255 2055 2314 quasist?

1390 2409 1833 2460 Philocrates·

535 2514 692 2560 Immo
729 2512 902 2573 edepol
935 2516 1138 2575 propter
1173 2512 1433 2561 avaritiam
1468 2513 1625 2574 ipsius
1662 2517 1808 2573 atque
1844 2513 2100 2561 audaciam
2119 2514 2188 2574 ⁴⁶).

697 2755 754 2831 c)
798 2755 1011 2813 Latina
1055 2772 1178 2812 cum
1213 2754 1449 2812 Graecis
1493 2764 1598 2812 aut
1643 2755 1879 2813 Graecis
1924 2752 2151 2831 suffixis·
2196 2751 2529 2831 composita.

949 2873 1275 2935 antelogium
1733 2874 1865 2921 Men.
1901 2874 2028 2935 prol.
2066 2875 2129 2921 13

947 2958 1259 3007 ferritribax
1734 2960 1881 3006 Most.
1918 2959 2016 3007 356

947 3043 1250 3105 fiagritriba
1735 3045 1921 3092 Pseud.
1958 3045 2074 3093 137·

948 3127 1223 3177 ulmitriba.
1243 3128 1294 3188 ¹)
1733 3130 1870 3177 Pers.
1911 3130 2011 3178 278

948 3212 1288 3275 collierepida
1301 3213 1350 3278 ςΒ)
1734 3249 1870 3296 ΜΠ·
1910 3250 2040 3297 1022

947 3298 1302 3360 cruricrepida

677 3470 731 3535 ³¹²)
765 3472 891 3519 Vide
927 3470 1075 3518 etiam
1108 3470 1272 3518 locum
1309 3485 1369 3517 ex
1404 3469 1573 3530 spurio
1608 3465 1837 3515 Plautino
1872 3468 2082 3529 prologo
2118 3481 2179 3514 ex
2216 3467 2436 3515 Poenulo
2473 3482 2524 3515 v.
2550 3468 2646 3515 92:

847 3557 1113 3604 Vosmet
1146 3570 1312 3603 nunc
1347 3555 1566 3603 facite
1602 3554 2066 3603 coniecturam
2101 3557 2386 3600 ceterum

852 3642 1018 3703 Quid
1052 3642 1116 3688 id
1152 3642 1239 3689 sit
1272 3641 1593 3701 hominu,
1631 3642 1733 3689 cui
1768 3641 1945 3702 Lyco
1981 3653 2204 3688 nomen
2242 3640 2385 3689 siet.

680 3781 730 3847 1)
769 3781 1077 3839 “inquam
1124 3777 1475 3826 ulmitriba
1524 3781 1590 3825 tu
1642 3776 1777 3825 ‘alibi
1814 3777 2037 3825 codicum
2070 3776 2185 3837 legi’
2237 3777 2357 3824 Pius
2392 3777 2523 3824 dicit.
2597 3775 2706 3821 in—

540 3881 665 3927 qua
699 3866 956 3915 mulmit
992 3864 1216 3911 ribatu
1250 3863 1310 3911 B.
1381 3863 1644 3923 inquam
1679 3864 2179 3911 mulmitribatu
2214 3862 2363 3911 CDZ.
2431 3862 2709 3919 inquam

537 3953 603 3998 in
640 3941 1074 3998 ulmitribatu
1108 3948 1179 3995 F„
1212 3949 1274 3996 R.
1968 3994 1975 3999 ,

679 4035 733 4094 2)
770 4035 1285 4095 “collierepidae
1319 4034 1573 4083 Beckerus
1609 4032 1851 4082 Chariclis
1886 4036 1990 4082 vol.
2014 4034 2060 4080 11
2095 4048 2144 4094 p.
2172 4036 2251 4082 53.
2327 4031 2500 4078 oculi
2556 4044 2707 4075 cre-

540 4118 736 4180 pidae
772 4119 870 4164 Fz.
941 4120 1108 4166 oculi
1147 4122 1422 4181 crepide
1457 4121 1561 4169 Bc,
1632 4120 2092 4181 oculicrepide
2124 4118 2252 4164 DE'’
2287 4118 2348 4165 R.
