2946 4700
1408 302 1499 368 IV

376 473 856 556 bacchanal,
920 473 1303 557 phrygi03
1368 473 1607 557 partim
1671 474 1962 543 derivata
2021 475 2301 557 respexit
2357 476 2534 543 velut

376 594 842 677 dapsiliter,
896 593 1421 675 latrocinari,
1481 595 1954 689 parasitari,
2011 594 2531 678 triumphare,

374 715 614 797 partim
657 714 874 781 omisit
917 714 1093 780 velut
1136 731 1379 797 more,
1425 714 1931 809 degrumare,
1990 715 2530 798 pergraecari.

376 836 500 902 Est
540 836 606 902 in
651 834 857 901 indice
901 835 1222 918 Hecyra
1265 834 1395 920 (vel
1438 840 1515 900 ut
1557 835 1695 917 ipse
1739 835 1962 902 scribit
2004 835 2365 918 hecyra);
2421 835 2531 900 de-

374 959 526 1021 sunt
567 973 729 1038 quae
773 956 994 1022 eodem
1037 954 1175 1019 iure
1217 953 1426 1020 locum
1470 953 1595 1020 sibi
1640 955 1998 1036 vindicant,
2057 952 2409 1038 Adelphi
2463 957 2532 1019 et

376 1074 486 1141 Ph
502 1093 731 1141 asma.
819 1073 1191 1140 offeruntur
1223 1072 1342 1140 tibi
1376 1074 1701 1141 interdum
1734 1075 2209 1142 accuratissime
2243 1073 2342 1141 vel
2382 1073 2531 1140 sub-

376 1194 642 1261 stantivi
687 1211 870 1260 casus
915 1192 1154 1275 obliqui
1197 1192 1295 1259 vel
1339 1194 1516 1260 verbi
1560 1193 1802 1261 formae
1844 1194 2075 1276 fiexae;
2122 1195 2377 1278 saepius
2419 1192 2530 1258 ubi

376 1315 547 1381 idem
606 1314 989 1381 desiderium
1046 1314 1286 1380 sciendi
1333 1319 1398 1381 te
1453 1319 1629 1381 tenet
1690 1315 1879 1397 plane
1934 1315 2260 1381 desereris,
2359 1313 2420 1379 N
2422 1331 2529 1379 on-

378 1433 554 1498 nulla
596 1451 804 1513 porro,
848 1450 1114 1515 quorum
1161 1434 1241 1498 de
1275 1415 1524 1500 Graeca
1567 1433 1810 1517 origine
1853 1453 2034 1500 nemo
2068 1452 2368 1515 umquam
2413 1434 2531 1498 du-

378 1552 617 1619 bitavit
673 1570 789 1618 nec
848 1553 987 1634 ipse
1045 1550 1184 1619 sese
1243 1552 1543 1620 dubitare
1599 1553 1923 1635 professus
1978 1559 2107 1633 est,
2171 1551 2412 1618 frustra
2463 1553 2531 1618 in

385 1671 524 1737 eius
566 1671 777 1738 indice
819 1690 1117 1754 quaeres,
1183 1673 1400 1754 qualia
1454 1677 1633 1739 sunt:
1698 1673 1991 1755 anisus,
2056 1693 2338 1757 apage,
2404 1691 2532 1739 ca-

381 1808 580 1871 muS,
646 1792 1119 1871 carcinoma,
1189 1791 1414 1859 colax
1477 1792 1893 1873 (adiectivum
1955 1794 2097 1858 dico
2154 1794 2334 1858 colax
2390 1793 2532 1857 Ter.
2619 1816 2628 1821 “

379 1910 541 1976 Eun.
575 1910 733 1992 prol.
766 1911 917 1994 30),
957 1892 1364 1992 co'ttabuS,
1409 1911 1925 1994 cymbalisso,
1969 1911 2238 1978 discus
2281 1912 2531 1995 (quam-

380 2049 571 2111 quam
626 2032 1043 2115 compositum
1101 2030 1230 2098 dis
1245 2050 1280 2099 c
1294 2049 1331 2097 o
1346 2031 1389 2098 b
1404 2049 1441 2097 o
1457 2032 1578 2098 los
1631 2050 1753 2099 non
1807 2038 1907 2099 est
1962 2031 2531 2116 praetermissum),

383 2150 504 2228 do,
560 2150 953 2233 dynamis,
1009 2172 1099 2219 ne
1143 2147 1377 2236 (ναί),
1437 2153 1891 2219 sicinnista.
1978 2153 2267 2234 Denique
2310 2151 2532 2217 necin

380 2267 637 2334 tralatis
680 2269 1112 2337 discernendis
1156 2290 1269 2337 nec
1311 2273 1376 2336 in
1415 2276 1595 2339 textu
1625 2291 1715 2337 ¹ex
1759 2290 1883 2353 quo
1913 2272 2217 2337 vocabula
2260 2270 2533 2352 sumpsit

381 2388 796 2456 examinando
843 2389 1004 2457 satis
1047 2395 1234 2457 caute
1277 2392 1485 2474 egisse
1528 2390 1687 2457 mihi
1730 2390 2002 2456 videtur.
