2946 4700
737 455 1110 602 ggxffixss}
1518 494 1649 541 Men.
1686 493 1786 539 210

738 628 1069 689 plagipatida
1521 630 1666 677 Most.
1704 631 1821 677 356.
1894 627 2035 689 Capt.
2073 630 2137 676 47
2145 628 2173 672 2

737 714 986 774 rapacida.
1521 714 1632 762 Aul.
1673 716 1790 763 368.

454 952 516 1030 d)
566 955 886 1032 Composita
935 955 1155 1012 Graeco
1201 974 1356 1013 more
1400 965 1569 1032 atque
1615 956 1856 1013 Graecis
1897 951 2126 1030 suffloezls·
2171 954 2359 1010 iocose

1220 1057 1492 1137 formata
1512 1055 1601 1145 ἦ).

741 1191 1179 1258 Vaniloquidorus
1771 1191 1908 1239 Pers.
1948 1193 1975 1239 7
1982 1192 2046 1238 02
2063 1216 2132 1226 —
2148 1192 2177 1236 5

745 1276 1315 1338 Virginesvendonides

746 1363 1301 1425 Nugipelamloquides
1320 1365 1365 1420 ¹)

743 1446 1458 1510 Argentumexterebronides

744 1535 1205 1595 Tedigniloquides

744 1619 1360 1680 Nummosexpalponides

747 1704 1313 1765 Quodsemelarripides

749 1790 1481 1852 Numquampostreddonides.

747 1944 898 1991 Adde
932 1960 990 1991 ex
1023 1945 1142 2006 ipsis
1180 1945 1384 1993 Graecis
1419 1943 1613 1991 vocibus
1648 1943 1805 1991 iocose
1824 1944 2084 2004 formata:

745 2048 1067 2109 halophanta
1787 2049 1935 2096 Cure.
1972 2051 2072 2097 463

745 2135 1078 2193 cateruatim
1115 2134 1416 2195 hapalopsis
1782 2134 1960 2182 Pseud.
2002 2135 2118 2182 836.

475 2304 528 2367 a¹2)
565 2307 622 2353 In
657 2307 863 2368 prologo
899 2306 1066 2367 spurio
1103 2305 1313 2356 Poenuli
1351 2307 1444 2354 54:
1482 2305 1955 2367 Pultophagonides.

472 2464 523 2521 1)
562 2462 1328 2522 “Nugipalamloquides
1363 2462 1595 2510 Bothius:
1634 2476 1729 2521 quo
1766 2465 1929 2509 tamen
1965 2466 2139 2522 poetae
2174 2475 2377 2509 manum
2411 2476 2486 2509 re-

337 2547 557 2593 stitutam
595 2561 703 2595 esse
739 2561 838 2594 non
875 2549 1039 2595 eredo.
1107 2546 1706 2607 NUGHPILOQUIDES
1741 2548 1813 2594 A:
1850 2547 1981 2606 quod
2003 2548 2318 2607 interpretari
2338 2562 2487 2608 posse

247 2673 254 2678 .
337 2632 951 2694 NUGIEPILOQUIDES
986 2634 1125 2681 visus
1161 2648 1283 2682 sum.
1354 2635 1921 2694 Nugipiloquides
1955 2632 2107 2680 Bcl).
2180 2632 2485 2693 nugipilo

336 2733 369 2777 q
384 2719 446 2765 ui
481 2720 553 2766 de
569 2735 592 2766 s
627 2720 725 2765 ΕΖ.
797 2736 829 2766 n
845 2734 877 2765 u
892 2720 1001 2780 gip
1019 2735 1047 2767 o
1062 2721 1155 2767 l‘ol
1172 2734 1200 2766 o
1219 2721 1326 2780 qui
1341 2722 1371 2767 d
1389 2736 1414 2768 e
1428 2736 1451 2767 s
1499 2721 1653 2781 (quod
1687 2720 1901 2779 Pylades
1937 2710 2225 2778 scripserat)
2268 2732 2421 2764 unum
2457 2734 2484 2766 e

335 2807 436 2853 suis
470 2806 610 2855 libris
645 2806 895 2855 veteribus
940 2806 1123 2854 habere
1159 2806 1430 2854 Lambinus
1481 2811 1716 2854 testatur:
1771 2819 1861 2865 pro
1913 2819 2009 2865 quo
2055 2810 2220 2852 tamen
2263 2804 2487 2851 voluisse

335 2906 447 2937 eum
496 2892 944 2953 nugipiloloquides
996 2893 1230 2941 credibile
1284 2898 1386 2942 est:
1439 2897 1585 2952 atque
1635 2893 1686 2938 id
1737 2892 1899 2951 ipsum
1952 2892 2107 2938 suasit
2157 2890 2485 2936 BoxhorniuS.

333 2981 379 3025 N
398 2978 991 3039 ugipolyloquides
1016 2979 1341 3027 Camerarius.
1413 2977 1944 3039 Nugidololoqui
1963 2978 2034 3025 de
2052 2993 2075 3024 s
2098 2976 2403 3024 Guilelmus”
2439 2977 2483 3023 R
