2946 4700
1471 267 1553 332 68

606 432 622 460 ‘
633 426 681 484 P
699 425 818 486 ote
830 423 946 484 riu
960 444 1020 483 m
1031 421 1046 448 ’
1095 421 1190 483 bis
1226 423 1386 500 apud
1414 422 1694 482 Plautum
1744 423 1926 483 extat.
2013 418 2127 499 Sed
2173 422 2401 481 duobus
2444 419 2593 481 loeis

434 527 595 591 servi
625 548 772 589 voce
806 530 1084 598 utuntur3
1132 525 1298 585 Trin.
1341 526 1501 584 1017
1535 524 1774 585 Stasimi
1807 528 1898 585 est
1928 524 2316 585 ‘tribusne
2353 527 2424 584 te
2463 543 2502 600 p
2520 544 2593 583 o-

434 629 665 692 teriis
707 629 1109 690 memoriae
1158 649 1319 689 esse
1364 626 1739 701 oblitum',
1782 626 1967 688 Stich.
2008 631 2131 686 694
2178 627 2373 687 Stichi
2420 627 2594 686 “Sa-

436 733 675 793 miolo
718 753 758 810 p
779 733 1026 793 oterio
1070 728 1463 792 bibimus’'.

605 831 1119 912 ‘Triumphus'
1169 838 1230 893 et
1284 833 1595 908 ‘triump
1615 831 1840 905 hare',
1902 851 2152 911 quorum
2200 830 2455 892 alterum
2497 831 2592 891 bis

436 940 596 1017 apud
624 938 902 998 Plautum
919 984 936 1012 ,
978 936 1230 997 alterum
1266 936 1424 1013 apud
1458 935 1735 995 Plautum
1765 934 1859 994 bis
1871 981 1886 1008 ,
1931 937 2088 1012 apud
2122 933 2469 994 Terentium
2501 938 2592 994 ter

433 1041 743 1102 invenitur
758 1088 773 1115 ,
830 1061 1137 1102 servorum
1191 1040 1291 1101 vel
1333 1037 1729 1116 parasitorum
1776 1042 1882 1098 est.
1969 1037 2121 1098 Vide
2166 1038 2380 1098 Pseud.
2431 1043 2542 1097 105
2561 1043 2586 1097 1

434 1143 799 1205 Pseudulum
830 1163 1067 1203 servum
1100 1143 1531 1202 exclamantem
1567 1126 1823 1201 ‘trium
1838 1161 1876 1217 p
1894 1141 1937 1198 h
1952 1161 1984 1200 e
1999 1139 2030 1213 '‚
2075 1140 2245 1200 Asin.
2282 1146 2403 1199 269
2439 1140 2589 1199 Leo-

434 1248 635 1308 nidam
657 1265 896 1307 servum
919 1246 1215 1306 dicentem
1247 1244 1740 1320 “triumphum
1771 1243 1883 1302 eis
1914 1239 2229 1303 adfero''.
2288 1242 2591 1302 ‘Trium-

434 1371 474 1428 p
489 1353 530 1409 h
547 1370 624 1410 ar
640 1347 701 1410 e'
735 1354 827 1411 est
857 1350 1068 1409 Bacch.
1106 1348 1247 1421 972,
1294 1348 1410 1406 107
1420 1353 1454 1405 3
1493 1345 1762 1424 Chrysali
1801 1345 1977 1419 servi,
2022 1346 2241 1406 Heaut.
2278 1345 2430 1405 Tim.
2468 1346 2546 1404 67
2555 1351 2589 1403 2

432 1452 570 1530 Syri
618 1450 806 1524 servi,
865 1452 975 1510 Ph.
1015 1456 1133 1510 543
1187 1449 1370 1510 Getae
1423 1449 1613 1523 servi,
1672 1450 1824 1508 Eun.
1876 1454 1999 1509 394
2046 1447 2377 1509 Gnathonis
2421 1468 2595 1525 para-

436 1554 554 1616 siti.
641 1555 811 1614 Idem
848 1554 1056 1612 cadere
1087 1550 1328 1612 videtur
1370 1551 1435 1611 in
1483 1557 1549 1629 ‘p
1569 1550 1972 1628 ropinare'.
2060 1552 2212 1611 Nam
2249 1572 2324 1612 ex
2362 1556 2591 1628 septem

437 1656 582 1716 locis
610 1655 909 1716 Plautinis
943 1655 996 1715 si
1028 1675 1212 1715 unum
1249 1654 1480 1732 excipis
1517 1654 1700 1715 Stich.
1739 1659 1817 1713 42
1828 1661 1860 1714 5
1880 1702 1894 1729 ,
1938 1655 2043 1714 ubi
2073 1654 2443 1731 Epignomus
2472 1654 2591 1715 Sti-

438 1759 536 1818 chi
565 1760 744 1819 herus
776 1777 922 1818 voce
953 1758 1160 1831 utitur,
1197 1760 1273 1818 ad
1301 1757 1570 1818 homines
1599 1757 1762 1816 illius
1796 1758 2031 1834 generis
2063 1758 2343 1835 pertinet.
2406 1756 2589 1817 Stich.

438 1867 562 1920 468
598 1863 689 1921 est
714 1860 786 1920 in.
813 1881 914 1921 ore
947 1859 1229 1920 Gelasimi
1261 1859 1524 1936 parasiti
1544 1861 1673 1937 (sed
1703 1860 2103 1936 metaphorice
2136 1859 2360 1920 dictum
2393 1866 2409 1893 ‘
2421 1881 2459 1937 p
2476 1880 2505 1918 r
2519 1880 2551 1919 o
2569 1894 2593 1905 ·

437 1964 573 2041 pin
587 1984 709 2025 are
772 1984 800 2023 s
816 1964 885 2023 al
900 1985 940 2023 u
955 1968 981 2024 t
996 1960 1150 2042 em')
1169 2009 1184 2036 ,
1248 1962 1396 2022 ibid.
1451 1963 1572 2022 708
1630 1961 1902 2039 Sagarini
1920 2008 1935 2036 ,
2004 1964 2125 2021 710
2176 1961 2368 2022 Stichi
2416 1961 2593 2034 servi,

433 2067 650 2128 Pseud.
690 2071 717 2126 1
729 2073 849 2127 263
900 2066 1188 2127 Pseuduli
1226 2065 1418 2138 servi,
1462 2064 1635 2126 Asin.
1668 2066 1743 2124 77
1754 2072 1788 2125 2
1842 2070 1902 2126 et
1939 2066 2105 2127 Curc.
2148 2072 2268 2124 389
2306 2064 2593 2143 parasito-

437 2190 586 2230 rum.
688 2171 868 2247 Apud
919 2169 1268 2230 Terentium
1317 2169 1499 2229 semel
1547 2173 1777 2228 tantum
1825 2169 1979 2228 Eun.
2026 2175 2051 2226 1
2063 2170 2182 2227 087
2246 2169 2450 2245 (etiam
2494 2167 2592 2225 hic

435 2272 841 2349 metaphorice
877 2274 1305 2352 quodammodo
1341 2272 1588 2347 dictum)
1629 2274 1745 2342 est3
1806 2271 1909 2329 sed
1951 2269 2050 2327 hic
2086 2289 2320 2346 quoque
2353 2289 2387 2327 a
2421 2287 2591 2343 para-

437 2374 552 2434 sito
596 2377 947 2451 usurpatur:
992 2373 1326 2434 Gnathonis
1372 2373 1532 2431 enim
1579 2375 1685 2431 est.

608 2474 832 2552 ‘Grap
851 2473 1127 2547 hicus',
1187 2471 1840 2549 ‘pergraphicus',
1903 2470 2330 2549 ‘graphice’
2387 2474 2592 2544 contra

441 2576 822 2655 elegantioris
857 2574 1144 2636 sermonis
1179 2574 1364 2634 fuisse
1399 2574 1699 2635 videntur.
1788 2577 1883 2633 Ex
1925 2574 2201 2635 undecim
2245 2574 2405 2635 enim
2448 2575 2593 2635 locis

439 2679 737 2741 Plautinis
761 2680 829 2739 in
860 2677 1077 2758 quibus
1103 2677 1498 2739 inveniuntur
1524 2681 1647 2737 tres
1674 2680 1906 2739 tantum
1935 2681 2009 2739 ad
2041 2698 2262 2752 servos,
2302 2678 2487 2739 ceteri
2518 2680 2591 2738 ad

441 2802 612 2843 senes
643 2786 746 2843 aut
776 2782 1024 2844 iuvenes
1055 2781 1377 2859 pertinent.
1464 2782 1726 2859 Usurpat
1757 2782 1923 2843 Trin.
1961 2788 2083 2841 936
2123 2788 2232 2857 ‘gr
2245 2802 2279 2841 a
2293 2802 2329 2859 p
2346 2783 2388 2840 h
2401 2781 2422 2839 i
2436 2801 2467 2840 c
2479 2802 2519 2840 u
2535 2801 2593 2838 m

443 2904 539 2944 nu
559 2888 729 2962 gato
746 2882 921 2947 rem'
955 2885 1297 2945 Charmides
1328 2905 1542 2960 senex,
1584 2885 1745 2945 idem
1785 2890 1947 2945 1024
1982 2885 2447 2963 ‘graphicum
2480 2886 2595 2944 fu-

441 3007 472 3046 r
489 2986 638 3061 em',
691 2992 852 3047 1139
887 2992 945 3065 ‘p
965 2984 1465 3066 ergraphicus
1501 3009 1668 3067 syco
1685 2987 2001 3065 phanta',
2033 2977 2231 3049 Stich.
2259 2990 2379 3048 570
2413 2994 2597 3065 ‘gra-

443 3089 752 3168 phicum
794 3089 1222 3151 mortalem'
1264 3091 1614 3169 Pamphilus
1657 3092 1923 3166 iuvenis,
1968 3092 2182 3151 Pseud.
2217 3096 2336 3150 519
2386 3097 2598 3151 ‘mor-

445 3193 676 3254 talem
720 3192 1185 3270 graphicum'
1228 3193 1388 3254 Simo
1425 3215 1639 3269 senex,
1682 3195 1827 3255 ibid.
1868 3197 1989 3255 700
2023 3194 2401 3255 ‘mortalis
2432 3213 2597 3270 gra-

444 3294 741 3374 phicus'
784 3296 1090 3357 Calidorus
1123 3297 1498 3371 adulescens,
1539 3298 1715 3375 Epid.
1756 3303 1879 3357 400
1922 3304 1975 3357 ‘s
1991 3318 2119 3358 erv
2134 3319 2174 3357 u
2189 3318 2247 3357 m
2290 3316 2467 3373 grap
2482 3295 2558 3353 hi
2574 3328 2597 3340 -

447 3400 633 3460 cum’
670 3399 1004 3477 Apoecides
1034 3419 1237 3459 senex.
1320 3400 1625 3476 Usurpant
1659 3404 1858 3476 ‘grap
1874 3398 1949 3457 hi
1966 3397 2068 3459 ce’
2115 3399 2277 3460 Trin.
2317 3401 2433 3459 767
2471 3399 2600 3458 Me-

446 3499 760 3582 garonides
792 3521 977 3562 senex
1011 3508 1061 3561 ‘e
1073 3523 1116 3559 x
1131 3522 1163 3562 o
1177 3522 1207 3561 r
1222 3522 1262 3560 n
1279 3505 1399 3561 ctu
1412 3521 1442 3560 r
1475 3523 1512 3578 g
1527 3521 1557 3561 r
1570 3522 1603 3561 a
1616 3523 1653 3579 p
1671 3502 1795 3565 hic
1812 3521 1843 3561 e
1855 3500 1886 3575 ',
1929 3502 2092 3563 Pers.
2121 3508 2241 3561 306
2277 3501 2599 3579 Sagaristio

449 3624 655 3665 servus
704 3608 720 3637 ‘
734 3624 913 3681 grap
930 3604 1098 3664 hice
1141 3606 1215 3663 fa
1230 3624 1260 3663 c
1277 3607 1402 3665 etu
1418 3624 1445 3663 s
1460 3602 1493 3678 ',
1536 3603 1682 3663 ibid.
1725 3609 1847 3663 464
1863 3650 1878 3677 ,
1934 3610 2054 3664 843
2103 3605 2353 3665 Toxilus
2397 3624 2601 3667 servus

449 3706 844 3785 ‘graphice
890 3704 1128 3767 decet'
1172 3705 1572 3783 ‘graphice
1614 3706 2069 3769 ludificari’.

621 3815 636 3843 ‘
651 3811 717 3867 Μ
731 3830 764 3870 o
780 3830 863 3870 ru
879 3811 933 3869 s’
983 3815 1045 3870 et
1098 3815 1181 3869 ‘m
1199 3829 1275 3870 or
1291 3829 1324 3868 o
1339 3809 1362 3868 l
1379 3829 1412 3870 o
1429 3830 1518 3885 gu
1533 3810 1609 3882 s’,
1669 3811 1828 3889 quod
1882 3811 2122 3890 quidem
2169 3811 2312 3872 satis
2356 3810 2600 3886 dignum

449 3903 776 3971 memoratu
822 3912 1064 3973 videtur
1077 3959 1093 3987 ,
1152 3933 1187 3972 a
1234 3911 1487 3973 diversis
1524 3912 1831 3972 hominum
1873 3914 2189 3990 generibus
2237 3915 2394 3990 apud
2427 3913 2604 3969 Plau-

450 4015 578 4069 tum
611 4011 986 4075 adhibentur.
1074 4020 1090 4049 ‘
1101 4017 1167 4073 Μ
1181 4035 1214 4075 o
1228 4034 1258 4074 r
1272 4036 1312 4073 u
1325 4015 1378 4073 s’
1415 4014 1574 4073 enim
1608 4018 1701 4075 ter
1736 4019 1949 4075 extans
1983 4016 2443 4091 elegantioribus
2471 4016 2604 4071 tan-

451 4111 578 4167 tum
613 4110 952 4176 hominibus
967 4161 982 4189 ,
1028 4120 1044 4148 ⁴
1058 4137 1116 4174 m
1132 4136 1165 4177 o
1180 4136 1210 4175 r
1225 4116 1296 4175 ol
1313 4136 1345 4175 o
1362 4137 1400 4193 g
1415 4137 1455 4176 u
1467 4135 1496 4175 s
1510 4114 1525 4139 ’
1574 4116 1667 4176 bis
1708 4121 1919 4177 extans
1947 4116 2330 4177 inferioribus
2374 4117 2606 4175 tantum
