2946 4700
1142 1195 1723 1288 vita.

523 1628 713 1686 Natus
759 1645 889 1684 sum
938 1626 1176 1685 Nathan
1219 1628 1395 1685 Ionas
1434 1624 1888 1685 Tuchhaendler
1933 1624 2133 1702 Brody
2174 1625 2240 1685 in
2285 1625 2504 1703 oppido

274 1720 280 1727 ’
353 1745 615 1806 saliciae
668 1747 721 1804 d.
762 1745 873 1803 1x.
911 1745 1023 1805 Iul.
1071 1765 1146 1804 m.
1196 1766 1245 1805 a.
1295 1747 1353 1804 h.
1409 1765 1454 1804 s.
1505 1745 1727 1805 xmv.
1827 1745 2031 1824 usque
2081 1746 2158 1805 ad
2212 1745 2505 1805 decimum

353 1870 626 1927 octavum
677 1884 892 1924 annum
945 1863 1154 1924 aetatis
1207 1865 1365 1924 domi
1415 1864 1653 1942 privata
1700 1862 2018 1940 disciplina
2067 1884 2207 1923 usus
2228 1911 2241 1937 ,
2301 1868 2508 1941 postea

351 1985 617 2063 Lipsiam
649 1984 862 2044 missus
894 1983 982 2043 ibi
1016 1983 1082 2043 in
1115 1984 1316 2044 schola
1351 1984 1655 2043 Thomana
1700 2002 1805 2060 per
1836 1987 1959 2044 tres
1994 1985 2119 2043 fere
2165 2004 2352 2044 annos
2385 2003 2509 2064 ma·-

350 2106 512 2165 xime
547 2105 816 2166 doctrina
852 2108 913 2164 et
949 2103 1368 2164 benevolentia
1402 2103 1838 2187 carissimorum
1870 2107 2319 2181 praeceptorum
2351 2105 2508 2165 Eck-

351 2225 587 2298 steinii,
649 2224 1080 2298 Hildebrandi,
1142 2223 1343 2284 Ehrtii
1399 2226 1606 2284 auctus
1664 2227 1725 2284 et
1776 2223 2012 2284 adiutus
2079 2242 2225 2284 sum.
2327 2226 2505 2284 Anno

349 2345 554 2406 LXVI
598 2344 1004 2406 testimonium
1050 2343 1409 2428 maturitatis
1461 2345 1712 2421 adeptus
1743 2342 2088 2403 Berolinum
2124 2363 2218 2404 me
2263 2344 2507 2420 contuli,

350 2467 458 2526 ubi
505 2487 613 2544 per
660 2466 854 2527 sexies
906 2486 1014 2527 sex
1043 2485 1276 2527 menses
1308 2466 1523 2527 studiis
1566 2465 1943 2544 philologieis
1979 2470 2041 2527 et
2075 2464 2509 2544 philosophicis

356 2586 587 2646 deditus
619 2587 849 2648 scholas
887 2587 1009 2648 adii
1040 2587 1362 2665 Droyseni,
1409 2587 1666 2664 Hauptii
1683 2633 1698 2661 ‚
1744 2587 2085 2660 Huebneri,
2131 2585 2507 2659 Kirchhoffii,

355 2685 623 2781 Iordani,
682 2700 1038 2781 Micheletii,
1101 2707 1569 2781 Muellenhoffii‚
1603 2706 1987 2779 Steinthalii,
2034 2704 2505 2780 Trendelburgii.

354 2826 902 2888 Exercitationibus
939 2828 1316 2905 philologieis
1352 2830 1425 2887 ab
1454 2828 1780 2886 Huebnero
1817 2834 1877 2886 et
1911 2825 2179 2886 Vahleno
2214 2826 2509 2887 institutis

356 2967 548 3023 nuper
599 2948 840 3027 quidem
858 2993 874 3021 ,
943 2967 1295 3027 quamquam
1350 2967 1472 3007 non
1529 2946 1649 3007 iam
1700 2946 1850 3008 civis
1905 2965 2063 3006 eram
2122 2946 2506 3020 academicus,

354 3065 593 3126 illorum
624 3067 888 3128 virorum
922 3067 1378 3127 clarissimorum
1411 3066 1781 3145 benignitate
1818 3067 2107 3128 interesse
2141 3066 2509 3147 aliquamdiu

358 3186 507 3245 mihi
533 3159 810 3265 contigit.
903 3186 1134 3251 Quibus
1175 3188 1323 3249 viris
1368 3188 1726 3250 doctissimis
1780 3188 2085 3263 omnibus,
2143 3192 2212 3249 ut
2256 3186 2509 3267 quisque

318 3295 323 3300 ’
360 3305 583 3383 optime
622 3308 694 3367 de
732 3326 828 3368 me
866 3306 1113 3369 meritus
1152 3312 1272 3383 est,
1316 3308 1418 3387 pio
1452 3309 1649 3371 animo
1683 3308 1905 3387 gratias
1941 3328 2050 3385 ago
2090 3308 2337 3368 debitas.

1234 3601 1640 3610 ——-—.—-——-——
