2946 4700
2579 105 2829 215 Ἳ

1458 290 1546 355 30

419 443 622 501 Most.
707 441 968 502 hercle
995 441 1050 520 ¹)
1102 444 1248 517 174,
1299 445 1447 520 798,
1501 451 1694 519 1012;
1751 444 1958 526 p012)
2006 455 2149 525 222,
2199 453 2353 529 744;
2398 475 2579 532 pur·

703 564 888 621 pura
917 544 975 623 3)
1034 552 1184 619 286;
1258 547 1477 626 gry4)
1536 555 1687 624 5953
1760 553 2123 632 ohord·a⁵)
2174 557 2328 630 743;
2404 558 2576 635 eu⁶)

711 651 864 721 8423
911 667 1145 724 apage
1171 650 1228 724 ⁷)
1279 655 1419 709 846.

419 752 603 808 Pers.
705 749 964 809 hercle
990 750 1047 826 ⁸)
1086 756 1196 826 413
1241 753 1571 834 siam-ff)
1606 757 1719 831 973
1761 758 2166 835 blenna10)
2211 764 2360 830 169;
2407 760 2573 818 ede-

701 850 954 929 polu)
1002 854 1142 915 617.

417 957 622 1013 Mero.
707 954 1092 1033 herclest)
1145 962 1281 1031 134,
1329 958 1485 1032 9713
1531 962 1780 1040 p0113)
1833 963 1971 1024 715.

415 1058 615 1126 Epid.
701 1056 1023 1136 minan)
1071 1061 1212 1120 357.

419 1161 617 1219 'rx-ue.
703 1158 1094 1219 obsonium
1121 1162 1218 1238 15)
1257 1168 1314 1235 2,
1350 1168 1405 1236 4,
1441 1169 1552 1236 91;
1597 1162 2231 1242 aurichalcumw)
2276 1171 2331 1239 2,
2365 1172 2421 1239 6,
2459 1168 2567 1247 573

702 1263 947 1340 tuest)
994 1268 1065 1337 2,
1114 1270 1182 1337 6,
1233 1270 1343 1337 59;
1397 1265 1809 1343 pera¹⁸)3,
1864 1269 1924 1336 1,
1979 1268 2085 1337 19;
2144 1267 2461 1346 minam)
2512 1276 2566 1343 5,

555 1433 605 1491 1)
639 1431 698 1477 Β.
737 1431 849 1479 add.

553 1518 608 1577 2)
643 1516 702 1563 R.
740 1516 852 1563 add.
969 1569 972 1572 ⁴

553 1603 606 1662 3)
641 1602 791 1649 Extat
825 1602 877 1649 in
912 1618 1062 1651 versu
1097 1609 1228 1652 recte
1264 1610 1317 1652 ut
1349 1603 1466 1650 mihi
1503 1602 1700 1650 videtur
1736 1619 1765 1651 a
1799 1604 2040 1652 Plautinis
2077 1611 2334 1667 segregato
2371 1623 2401 1655 a
2434 1609 2492 1661 R.

552 1689 606 1748 4)
642 1688 762 1735 Cod.
818 1702 934 1737 nec
987 1691 1114 1736 erit
1162 1690 1437 1748 quidem.
1511 1689 1655 1735 Acid.
1704 1704 1773 1737 ne
1824 1704 1939 1751 gry
1990 1693 2261 1751 quidem.
2347 1693 2565 1753 Egregia

414 1773 690 1821 emendatio
727 1778 944 1822 attamen
980 1775 1043 1821 ad
1078 1779 1294 1821 nostram
1330 1788 1432 1820 rem
1468 1787 1568 1820 non
1606 1775 1726 1821 satis
1762 1780 1911 1822 certa.

552 1861 607 1919 5)
645 1859 853 1908 Codices
888 1875 995 1908 cor
1035 1860 1331 1907 tenditur
1378 1860 1529 1908 inde
1577 1861 1742 1908 serit
1787 1862 2039 1909 iterum.
2114 1861 2174 1909 cs.
2212 1875 2336 1921 quae
2373 1864 2432 1910 de
2472 1864 2565 1911 hoc

416 1947 524 1993 loco
560 1945 612 1991 in
647 1946 807 2006 capite
841 1947 1000 2007 primo
1035 1945 1300 2004 disputavi.

553 2032 605 2091 6)
640 2032 681 2077 Ε
719 2035 901 2079 recte
937 2044 1046 2077 cum
1069 2044 1165 2077 ras.
1190 2031 1259 2089 133
1295 2031 1523 2079 Erecte
1558 2031 1709 2094 CDa3
1745 2032 1825 2080 Et
1857 2037 2033 2079 recte
2068 2032 2158 2079 Dc.
2232 2033 2337 2081 ‘Et
2371 2032 2565 2081 recte'

413 2123 546 2165 recte
583 2117 820 2177 scriptum
854 2115 972 2162 mihi
1007 2115 1232 2175 videtur3
1267 2130 1354 2163 cur
1389 2117 1451 2164 ad
1490 2122 1533 2165 ‘e
1546 2132 1575 2164 u
1613 2118 1807 2166 recte'
1830 2118 2086 2166 Ritschelii
2122 2118 2467 2178 refugiendum
2497 2121 2561 2167 sit

413 2220 513 2252 non
549 2203 785 2264 intelligo.

555 2291 605 2350 7)
645 2290 699 2335 ln
734 2286 1140 2335 reconcinnandis
1176 2288 1404 2336 versibus
1441 2290 1677 2336 845—48
1714 2302 1743 2335 a
1778 2290 1837 2337 R.
1876 2290 2095 2337 additum
2131 2290 2341 2337 videtur.

549 2375 602 2434 8)
637 2388 802 2422 nunc
835 2373 963 2420 libri.
1033 2375 1091 2421 In
1114 2374 1371 2422 Ritschelii
1408 2374 1684 2423 ‘hercle’
1720 2375 1798 2423 vis
1835 2376 2073 2435 quaedam
2114 2377 2385 2425 sententiae
2412 2376 2560 2436 aptis-

409 2462 533 2510 sima
567 2465 669 2520 est3
706 2459 794 2507 sed
829 2463 886 2506 ‘n
903 2457 1048 2507 unc’
1085 2474 1279 2520 quoque
1314 2459 1516 2509 minime
1551 2460 1712 2520 friget.
1785 2459 1990 2508 Codices
2025 2460 2176 2520 igitur
2211 2474 2490 2520 sequamur.

548 2546 601 2606 9)
635 2545 713 2592 Ex
750 2544 929 2593 ‘iure
965 2558 1214 2593 amesse
1250 2544 1376 2593 ius'
1413 2549 1463 2593 et
1497 2545 1742 2593 similibus
1774 2546 1998 2593 codicum
2032 2546 2325 2594 lectionibus
2349 2548 2407 2594 R.
2446 2546 2561 2593 fecit

410 2632 694 2680 sisuram
729 2644 873 2678 esse
908 2630 1022 2678 ius.
1098 2630 1367 2679 Camerarii
1401 2630 1645 2678 iuream
1681 2644 1824 2679 esse
1858 2632 1957 2679 ius
1993 2632 2151 2691 magis
2187 2632 2251 2679 ad
2286 2632 2440 2680 libros
2476 2646 2555 2678 ac-

409 2718 583 2766 cedere
616 2715 826 2763 videtur.
893 2716 1034 2764 Adde
1071 2717 1202 2775 quod
1239 2714 1516 2764 ‘sisura’
1551 2729 1793 2776 nusquam
1827 2714 1945 2763 alibi
1980 2716 2111 2777 apud
2137 2717 2367 2764 Plautum
2403 2722 2556 2763 extat.

514 2803 600 2864 10)
636 2801 777 2849 Libri
812 2802 1080 2851 rustica.

513 2888 599 2947 11)
634 2888 745 2935 Non
782 2892 860 2935 est
890 2888 942 2934 in
978 2886 1132 2935 libris.

513 2975 599 3034 12)
639 2974 736 3020 134
773 2987 879 3021 ere
913 2977 972 3021 te
1009 2973 1113 3021 CD.
1184 2973 1341 3020 here
1378 2976 1437 3020 te
1472 2972 1571 3019 ΕΖ.
1612 2974 1727 3023 971.
1799 2972 2006 3022 Codices
2042 2986 2214 3033 ergo.

512 3062 597 3120 13)
632 3060 691 3106 R.
728 3058 928 3107 addidit.

513 3147 598 3204 14)
633 3144 781 3196 Anici..
811 3149 862 3192 et
896 3144 1055 3204 Gepp.
1091 3157 1292 3191 versum
1327 3142 1676 3203 interpolatum
1711 3148 1843 3191 recte
1878 3144 2158 3191 existimare
2194 3143 2437 3191 videntur.

514 3232 599 3290 15)
635 3230 680 3276 A
716 3229 901 3289 Speng.
937 3229 1155 3276 additum
1190 3234 1279 3276 est.
1349 3228 1503 3274 Recte
1539 3228 1737 3286 quidem
1772 3234 1848 3276 est
1881 3230 2052 3277 deesse
2088 3228 2272 3287 aliquid
2319 3233 2369 3274 et
2416 3226 2555 3274 ‘ob-

407 3315 669 3364 sonium
704 3313 1052 3362 obsonare'
1087 3328 1148 3361 ex
1184 3326 1276 3361 usu
1311 3326 1420 3359 esse
1453 3313 1713 3372 Plautino,
1761 3317 1977 3361 attamen
2012 3313 2134 3359 nihil
2168 3310 2398 3372 impedit,
2437 3324 2555 3368 quo-

407 3403 570 3450 minus
605 3400 741 3448 aliud
776 3400 895 3460 quid
931 3400 1180 3447 exciderit.
1210 3439 1213 3442 ,
1250 3397 1482 3445 Ceterum
1519 3397 1625 3458 ipse
1663 3397 1843 3458 Speng.
1883 3411 2057 3446 vocem
2091 3397 2232 3443 uncis
2265 3396 2479 3442 inclusit.

515 3485 600 3550 16)
651 3485 831 3547 Speng.
886 3480 1345 3549 aur[ichalc]o.
1436 3497 1592 3531 auro
1641 3481 1791 3530 BCD.
1881 3482 2087 3530 Codices
2138 3497 2239 3530 non
2294 3479 2558 3542 spernendi

408 3573 653 3620 videntur.

514 3655 598 3720 17)
636 3655 815 3718 Speng.
852 3660 959 3704 tus
992 3655 1198 3703 Ponto
1247 3667 1596 3702 amoenum.
1668 3656 1817 3700 tuas
1864 3657 2062 3713 ponto
2110 3665 2412 3700 amoenas
2448 3650 2553 3698 CD.

405 3750 514 3792 tua
548 3746 779 3804 sponte
817 3754 1116 3789 amoenas
1150 3740 1208 3786 Β.
1282 3738 1333 3786 Si
1368 3743 1448 3787 tus
1483 3752 1678 3799 quoque
1711 3739 1841 3785 dono
1877 3737 2094 3785 dedisset
2117 3736 2389 3784 Phronesio
2419 3733 2552 3781 Stra·

404 3830 669 3889 tophanes‚
723 3828 832 3876 veri
869 3826 1076 3875 similius
1123 3829 1201 3874 est
1242 3825 1379 3872 illam
1426 3826 1513 3887 (cf.
1552 3824 1805 3885 Spengelii
1852 3824 2242 3883 annotationem)
2290 3834 2443 3869 versu
2478 3834 2552 3867 se-

406 3918 585 3972 quente
618 3926 717 3960 non
755 3913 1014 3972 ‘accipe
1048 3908 1190 3959 hoc’
1225 3910 1312 3957 sed
1348 3908 1610 3971 ‘accipe
1645 3906 1831 3956 haec'
1867 3908 2108 3956 dicturam
2141 3907 2310 3956 fuisse.
2378 3905 2556 3951 Nonne

408 3999 618 4045 fortasse
666 3998 757 4045 tibi
809 4012 999 4045 mecum
1036 3997 1184 4055 lectio
1228 3997 1391 4057 placet
1434 4001 1546 4043 tua
1594 3999 1842 4055 sponte
1891 3992 2208 4043 amicias?
2262 3993 2296 4039 i.
2324 4006 2367 4040 e.
2403 3989 2557 4039 utaris

406 4095 624 4144 purpura
657 4096 718 4129 ex
754 4080 903 4129 Sarra
937 4084 1095 4130 allata
1129 4081 1214 4146 (cf.
1251 4095 1452 4128 versum
1488 4081 1883 4142 antecedentem)
1915 4094 1977 4128 ae
2005 4079 2153 4127 velis.

513 4167 600 4226 18)
636 4165 816 4226 Speng.
871 4182 1039 4228 pera.
1126 4180 1407 4228 perpera
1458 4166 1567 4214 CD.
1647 4165 1892 4224 Equidem
1945 4160 2318 4226 ‘perperas'
2375 4160 2557 4224 (minas
