2946 4700
1454 259 1541 327 23

1307 552 1683 633 Caputlv.

932 670 1027 736 De
1070 669 1151 735 iis
1195 689 1358 753 quae
1400 670 1467 735 in
1512 668 1720 736 medio
1765 669 2069 752 relinquo.

589 825 909 885 Vocabulis
945 825 1318 902 pertractatis
1353 827 1425 885 de
1457 825 1672 905 quibus
1703 824 1769 883 in
1803 844 1982 885 unam
2013 824 2115 884 vel
2149 824 2397 883 alteram
2434 843 2570 901 par-

417 932 537 987 tem
570 927 856 991 iudicium
888 928 1065 988 certis
1098 930 1172 988 de
1202 928 1392 988 eausis
1422 928 1568 988 ferri
1603 947 1776 1004 posse
1808 926 2155 1000 videbatur,
2202 945 2362 985 nuno
2394 925 2470 985 ad
2503 945 2572 984 ea

417 1048 676 1105 pergam,
722 1049 871 1108 quae
902 1033 1069 1090 tanta
1103 1030 1356 1106 caligine
1380 1034 1549 1090 tecta
1581 1032 1737 1103 sunt,
1782 1033 1851 1090 ut
1880 1031 1952 1088 de
1983 1027 2061 1088 iis
2089 1030 2406 1089 deeernere
2442 1047 2560 1087 non

417 1133 682 1192 audeam.
749 1132 951 1192 Genus
987 1153 1128 1194 vero
1164 1153 1365 1193 eorum
1397 1133 1623 1208 triplex
1656 1135 1762 1192 est.
1822 1133 1917 1191 Ex
1946 1131 2138 1208 primo
2173 1149 2390 1207 genere
2424 1134 2566 1189 sunt

416 1233 657 1294 nomina
705 1235 1138 1309 plantarum'et
1185 1235 1509 1294 bestiarum
1541 1235 1934 1314 quarundam,
1995 1253 2147 1313 quae
2182 1235 2258 1293 ad
2296 1231 2568 1292 remotis-

416 1335 565 1396 sima
614 1342 878 1414 tempora
930 1337 1139 1413 populi
1173 1336 1383 1397 Graeci
1432 1343 1494 1396 et
1527 1334 1780 1395 Romani
1825 1338 2125 1413 spectant,
2186 1355 2262 1394 ex
2305 1336 2562 1395 secundo

415 1438 656 1498 nomina
690 1459 917 1510 rerum,
964 1459 1115 1518 quae
1161 1440 1367 1498 eodem
1409 1437 1539 1497 iure
1572 1458 1607 1497 a
1640 1436 1879 1497 Graecis
1914 1438 1989 1496 ad
2024 1438 2322 1497 Romanos
2369 1457 2484 1516 quo
2531 1458 2565 1496 a

413 1541 699 1601 Romanis
725 1543 800 1602 ad
832 1541 1085 1601 Graecos
1115 1538 1399 1616 migrasse
1432 1543 1752 1616 putantur;
1798 1559 1873 1598 ex
1904 1538 2080 1599 tertio
2112 1539 2354 1599 nomina
2388 1559 2567 1619 quae-

408 1633 568 1715 dam,
614 1663 783 1722 quae,
828 1642 879 1701 si
909 1642 1033 1703 vim
1064 1646 1125 1702 et
1158 1644 1406 1702 formam
1437 1645 1788 1719 spectamus,
1833 1646 2082 1718 possunt
2113 1641 2354 1721 quidem
2386 1641 2568 1701 Grae-

416 1763 519 1803 oae
547 1763 675 1804 esse
710 1743 989 1821 originis,
1034 1764 1145 1804 neo
1177 1749 1375 1804 tamen
1418 1743 1751 1803 necessario
1785 1748 1940 1804 sunt.
2027 1743 2340 1820 Singulum
2383 1745 2567 1824 quod-

415 1866 529 1926 que
573 1866 759 1921 genus
802 1846 1080 1923 deinceps
1122 1845 1447 1907 videamus.
1777 1834 1780 1835 ⁷

582 1948 772 2008 Primi
807 1948 1042 2024 generis
1088 1948 1435 2022 voeabula,
1467 1967 1621 2027 quae
1667 1948 1733 2009 in
1773 1949 1928 2008 hane
1961 1947 2425 2025 disputationem
2473 1969 2568 2009 oa·

414 2052 597 2124 dunt,
638 2051 785 2111 haee
829 2055 999 2111 sunt:

755 2238 956 2309 oleum,
1011 2237 1182 2307 oliva,
1235 2237 1436 2308 linum,
1490 2239 1722 2309 viscum,
1774 2239 1884 2309 lev,
1934 2236 2218 2297 columba.

408 2358 712 2417 Dixerunt
742 2358 815 2417 de
849 2355 1071 2418 ‘olea’
1103 2360 1165 2416 et
1192 2356 1451 2417 ‘oliva'
1482 2359 1642 2419 Curt.
1675 2358 1931 2419 Grundz.
1968 2379 2064 2419 no.
2095 2364 2245 2432 5283
2292 2361 2559 2421 Momms.

409 2463 578 2520 Rom.
615 2461 827 2520 Gesoh.
870 2462 934 2532 Ι,
986 2463 1134 2531 191;
1195 2458 1379 2519 Hehn
1424 2460 1752 2538 Kulturpfi.
1801 2482 1858 2538 p.
1894 2467 2003 2535 53,
2051 2466 2162 2535 55;
2224 2463 2296 2522 de
2341 2462 2566 2523 ‘lino'

411 2563 570 2622 Curt.
616 2561 871 2622 Grundz.
927 2580 1020 2621 no.
1057 2566 1208 2634 5423
1272 2561 1459 2622 Corss.
1509 2565 1755 2640 Ausspr.
1800 2564 1861 2638 Ι,
1914 2568 2068 2634 533,
2119 2568 2232 2637 34;
2295 2566 2562 2625 Momms.

408 2667 576 2725 Rom.
614 2666 820 2725 Geseh.
869 2666 931 2738 Ι,
985 2670 1136 2737 2003
1195 2664 1379 2724 Hehn
1418 2665 1745 2742 Kulturpfi.
1797 2671 1943 2740 106,
1992 2670 2145 2738 43ος
2212 2665 2363 2726 Piet.
2412 2667 2561 2743 orig.

408 2768 686 2829 Indoeur.
722 2768 787 2841 Ι,
826 2772 944 2826 319
972 2787 1135 2847 sqq.;
1182 2768 1255 2826 de
1290 2767 1563 2827 ‘visco'
1598 2769 1757 2828 Curt.
1798 2767 2054 2828 Grundz.
2088 2787 2146 2844 p.
2185 2773 2332 2841 688;
2379 2768 2562 2828 Hehn

408 2870 736 2948 Kulturpfl.
771 2874 913 2943 293,
946 2876 1099 2943 4463
1136 2869 1480 2931 Dietriohus
1511 2890 1715 2930 eomm.
1748 2890 1986 2945 gramm.
2022 2876 2135 2942 253
2180 2871 2254 2930 de
2285 2870 2564 2931 ‘leone'

411 2971 569 3030 Curt.
619 2971 875 3032 Grundz.
928 2991 1020 3032 no,
1060 2977 1211 3046 543;
1268 2973 1419 3033 Piet.
1464 2974 1612 3049 orig.
1668 2974 1943 3033 Indoeur.
1995 2974 2059 3047 I,
2107 2979 2230 3032 422
2255 2992 2421 3054 sqq.;
2481 2976 2554 3034 do

412 3072 732 3133 ‘columb
749 3073 810 3131 a'
857 3072 1044 3133 Corss.
1081 3077 1326 3152 Ausspr.
1360 3078 1409 3148 I,
1454 3077 1605 3147 117;
1652 3076 1836 3136 Hehn
1870 3075 2198 3153 Kulturpfl.
2235 3078 2376 3137 247.

580 3173 810 3238 Quibus
860 3175 926 3234 in
973 3177 1273 3237 vocabulis
1328 3198 1459 3237 mea
1513 3177 1753 3256 quidem
1803 3178 2102 3239 sententia
2155 3161 2264 3239 neo
2308 3179 2402 3240 vis
2444 3201 2556 3241 nee

405 3277 592 3336 forma
622 3297 734 3337 nee
764 3282 1111 3354 argumenta
1139 3280 1424 3340 historica
1453 3282 1806 3343 documento
1840 3283 1967 3342 esse
1997 3274 2249 3359 possunt
2281 3285 2357 3343 ad
2386 3304 2561 3363 quae-

405 3399 540 3439 nam
580 3385 847 3457 tempora
893 3381 1250 3457 pertineant.
1337 3383 1541 3443 Rebus
1587 3384 1745 3443 enim
1798 3403 1907 3461 per
1955 3404 2018 3444 se
2065 3384 2452 3445 consideratis
2496 3391 2557 3447 et

406 3480 642 3557 plantae
673 3489 734 3542 et
767 3482 1074 3558 animalia,
1128 3486 1202 3544 de
1239 3484 1454 3565 quibus
1487 3487 1599 3546 hoe
1629 3487 1758 3547 loeo
1794 3486 2016 3562 agitur,
2063 3507 2140 3547 ex
2170 3488 2552 3562 Indogerma-

406 3582 558 3642 nieis
591 3585 687 3643 vel
723 3584 1165 3646 Graeeoitalieis
1205 3588 1571 3663 temporibus
1604 3589 1890 3649 Romanis
1928 3593 2069 3649 nota
2111 3608 2239 3649 esse
2282 3592 2555 3666 possunt,

402 3692 652 3762 possunt
681 3707 716 3746 a
746 3687 982 3748 Graecis
1012 3687 1180 3748 illata
1211 3708 1354 3748 esse.
1427 3690 1579 3750 Tota
1612 3690 1879 3770 quaestio
1915 3710 1991 3750 ex
2024 3710 2092 3750 eo
2127 3692 2366 3767 pendet,
2408 3711 2553 3770 quo-

398 3789 573 3847 modo
632 3789 887 3865 primum
933 3791 1413 3867 Indogermanioi
1467 3793 1676 3869 populi
1731 3792 2133 3870 peregrinatio
2177 3814 2254 3853 ex
2300 3793 2445 3854 Asia
2489 3795 2554 3855 in

397 3892 697 3969 Europam
761 3897 1085 3972 posteaque
1147 3893 1558 3954 Graeooitalioi
1620 3895 1685 3953 in
1745 3895 1878 3972 ipsa
1938 3895 2178 3972 Europa
2240 3899 2396 3957 faeta
2457 3897 2551 3958 sit.

322 4001 329 4006 ’
401 3992 628 4057 Quodsi
678 4014 797 4053 uno
846 3994 1108 4071 impetu,
1165 3995 1309 4056 satis
1357 4001 1607 4073 apparet
1652 3996 1921 4058 homines
1978 3997 2301 4074 migrantes
2360 4020 2557 4081 neque

402 4096 635 4172 plantas
684 4097 848 4170 illas,
911 4097 1127 4178 quibus
1171 4119 1381 4175 magna
1416 4119 1556 4160 eura
1601 4101 1794 4160 danda
1838 4105 1956 4175 est,
2016 4121 2211 4182 neque
2257 4102 2556 4170 columbas
