2946 4700
1455 278 1536 352 19

413 442 538 495 669
563 485 578 511 ,
655 441 783 500 Mil.
842 442 962 500 672
982 487 997 514 ,
1071 442 1376 501 Menaech.
1433 442 1617 519 571),
1690 442 2037 505 adverbium
2100 441 2283 503 semel
2340 445 2569 503 tantum

410 538 624 615 (Stich.
651 546 851 621 ι641);
914 543 1350 603 substantivum
1401 546 1761 605 abstractum
1807 545 1984 605 huius
2030 545 2235 622 stirpis
2279 564 2568 624 nusquam

409 639 742 705 invenitur.
829 647 1043 707 Nonne
1087 646 1200 705 hoc
1244 648 1596 708 documento
1638 652 1729 707 est
1760 647 1973 708 alteras
2006 667 2182 708 voces
2226 648 2571 707 vernaculas

413 744 637 811 alteras
683 749 1028 825 peregrinas
1063 752 1232 811 esse?
1319 753 1409 810 Ac
1451 770 1529 810 ne
1568 751 1703 830 quis
1752 756 2015 828 opponat
2050 750 2264 811 alteras
2296 769 2424 809 esse
2467 752 2571 810 ob·

415 847 671 924 soletas,
734 851 989 932 ideoque
1035 851 1395 912 adiectivum
1448 857 1511 913 et
1558 853 1909 913 adverbium
1951 858 2072 914 tam
2117 873 2251 913 raro
2294 854 2573 931 usurpari

414 951 901 1034 substantivique
938 975 1014 1014 ne
1045 954 1367 1031 vestigium
1405 956 1644 1034 quidem
1679 948 2016 1034 superesse,
2062 956 2451 1033 compositum
2497 956 2572 1015 il-

414 1049 525 1111 lud
568 1056 927 1117 adiectivum
974 1057 1479 1134 ‘morologus’
1523 1059 1760 1137 (Pseud.
1805 1064 1997 1133 1264,
2042 1059 2205 1119 Pers.
2241 1058 2366 1136 49),
2413 1060 2572 1138 quod

415 1157 793 1231 apertissime
825 1159 1113 1220 Graecum
1163 1166 1284 1234 est,
1328 1166 1546 1222 monet.
1634 1163 1785 1221 Nam
1833 1162 1967 1242 quis
2001 1166 2123 1236 est,
2168 1162 2272 1242 qui
2316 1181 2439 1221 non
2481 1161 2574 1222 vi-

413 1260 586 1335 deat,
645 1261 987 1322 ‘morum'
1044 1267 1105 1323 et
1157 1264 1679 1338 ‘morologum’
1732 1284 1809 1324 ex
1858 1266 2062 1324 eodem
2111 1266 2277 1324 fonte
2320 1262 2571 1323 venire?

421 1363 646 1424 Contra
679 1366 838 1424 Curt.
875 1369 1071 1425 autem
1109 1365 1452 1442 opinantem
1487 1367 1755 1426 derivata
1788 1365 2253 1426 ‘morionem'
2293 1371 2354 1427 et
2397 1372 2572 1427 ‘mo-

415 1466 699 1527 rosum'
734 1467 953 1544 origini
989 1466 1246 1528 Graecae
1280 1468 1581 1555 adversari
1615 1471 1763 1529 haec
1795 1469 2041 1529 dicenda
2076 1473 2230 1528 sunt.
2315 1469 2573 1530 Romani

415 1566 655 1647 saepius
705 1590 781 1628 ex
830 1569 935 1642 iis,
998 1589 1149 1648 quae
1192 1590 1226 1629 a
1265 1570 1504 1630 Graecis
1545 1576 1952 1648 sumpserunt,
2013 1571 2246 1646 legibus
2288 1573 2411 1632 suis
2456 1573 2572 1633 alia

421 1672 834 1731 formaverunt
882 1673 954 1731 cf.
994 1672 1440 1748 ‘Phrygius'
1473 1675 1534 1731 et
1570 1671 1982 1751 ‘phrygio';
2029 1675 2477 1751 ‘parasitus'
2512 1681 2572 1736 et

415 1780 478 1858 ‘p
497 1772 982 1834 arasitaster'
1024 1778 1250 1834 cetera:
1293 1774 1424 1834 fieri
1457 1775 1645 1852 igitur
1679 1796 1915 1856 quoque
1948 1775 2171 1853 potuit,
2216 1783 2285 1838 ut
2318 1797 2395 1837 ex
2431 1783 2573 1838 ‘mo-

417 1876 504 1937 ro'
545 1875 903 1936 ‘morionem’
939 1879 1224 1937 ducerent
1263 1876 1320 1936 ‘i'
1356 1877 1702 1953 interiecto,
1748 1879 2096 1956 praesertim
2128 1899 2260 1939 cum
2299 1883 2570 1965 substan÷

416 1982 609 2040 tivum
643 1979 948 2058 ‘prosola’
982 1972 1254 2041 iiscerte
1290 2001 1410 2041 non
1441 1973 1713 2057 ignotum
1750 1986 1919 2041 esset.
2009 1984 2211 2061 Atque
2242 1982 2356 2041 hoc
2393 1983 2571 2042 etiam

328 2088 333 2092 ’
419 2083 910 2141 considerandum
958 2088 1049 2142 est
1093 2082 1559 2142 ‘morionem'
1596 2084 1858 2162 antiquis
1899 2083 2266 2162 temporibus
2310 2086 2571 2144 nondum

420 2185 485 2243 in
519 2203 630 2242 usu
668 2183 852 2242 fuisse
879 2185 953 2260 1).
1041 2184 1475 2244 ‘Morosum'
1524 2204 1666 2244 vero
1705 2186 1781 2244 ad
1819 2186 1972 2245 hanc
2008 2185 2254 2262 stirpem
2289 2206 2407 2246 non
2438 2207 2571 2263 per-

417 2287 613 2346 tinere
648 2286 782 2363 ipsa
811 2286 1085 2345 vocabuli
1119 2286 1213 2345 vis
1249 2288 1448 2361 docet,
1497 2288 1653 2367 quod
1687 2287 1906 2347 rectius
1939 2309 2070 2347 cum
2102 2289 2287 2348 Gorss.
2323 2292 2568 2368 Ausspr.

417 2394 467 2464 I,
518 2396 640 2449 432
689 2410 723 2449 a
753 2388 1008 2449 ‘more'
1046 2389 1432 2464 derivabitur,
1477 2395 1545 2450 ut
1576 2389 1973 2452 ‘morosus'
2005 2392 2057 2451 is
2088 2391 2185 2465 sit,
2232 2391 2346 2472 qui·
2371 2392 2569 2452 ‘anxie

416 2513 636 2553 morem
683 2490 914 2552 servat’.

1194 2691 1395 2760 sporta
1436 2680 1782 2759 (sporttila).

416 2807 576 2866 Curt.
628 2802 884 2862 Grundz.
932 2820 991 2877 p.
1031 2801 1152 2859 705
1206 2797 1532 2878 (σπυρίς,
1596 2800 1813 2875 σπεῖρ
1832 2819 1916 2868 a,
1962 2788 2344 2875 ondotov’,
2402 2798 2577 2892 Lith3

416 2916 523 2985 ‘sp
542 2900 817 2967 arta-s'
891 2921 1024 2961 cum
1104 2907 1210 2976 ‘sp
1230 2900 1426 2960 orta’
1488 2893 1889 2976 ‘sportula'
1950 2897 2284 2973 componit,
2350 2900 2566 2978 quibus

417 3009 690 3069 omnibus
724 3003 982 3063 radicem
1021 3004 1315 3081 quandam
1366 3000 1466 3060 ‘vi
1482 2998 1627 3060 ere’
1676 2999 2106 3074 significantem
2154 3002 2393 3061 subesse
2438 3004 2566 3080 opi-

419 3112 614 3168 natur.
702 3104 879 3167 Quod
914 3105 979 3163 in
1011 3106 1234 3163 Graeca
1269 3102 1510 3183 quidem
1543 3102 1750 3179 lingua
1781 3102 2088 3179 probabile
2120 3102 2386 3178 videtur,
2432 3124 2565 3165 cum

418 3210 652 3289 praeter
687 3206 1060 3267 substantiva
1104 3206 1236 3279 illa,
1284 3206 1499 3287 quibus
1535 3205 1651 3265 alia
1681 3205 1860 3265 etiam
1889 3204 2026 3264 addi
2063 3211 2336 3282 possunt,
2382 3209 2566 3268 verba

418 3330 655 3393 quoque
685 3291 865 3368 huius
899 3309 1106 3386 stirpis
1135 3309 1418 3368 habemus
1455 3313 1470 3341 ‘
1483 3323 1574 3366 σπ
1589 3326 1648 3366 ει
1665 3299 1752 3386 oni
1770 3328 1817 3365 ω
1836 3305 1866 3381 ’,
1914 3313 2074 3366 ‘owe
2091 3329 2158 3387 ιρ
2173 3301 2209 3366 o'
2224 3306 2313 3368 ω’.
2402 3310 2564 3369 Addi

416 3417 595 3476 etiam
643 3416 840 3489 potest
883 3416 898 3445 ‘
914 3427 1048 3470 σπε
1065 3410 1086 3469 ἰ
1100 3434 1132 3490 ρ
1150 3432 1197 3470 ω
1213 3409 1244 3484 ’,
1304 3430 1658 3489 quamquam
1694 3430 1728 3470 a
1766 3409 2175 3470 Grammaticis
2211 3415 2441 3472 tantum
2480 3413 2564 3472 al-

417 3521 618 3579 latum.
707 3515 992 3574 Videmus
1027 3514 1214 3590 igitur
1247 3514 1504 3573 radicem
1550 3510 1786 3590 ‘spar'
1822 3517 2055 3573 tantum
2084 3514 2173 3573 ibi
2203 3515 2433 3586 valere,
2478 3518 2563 3587 ut,

417 3621 707 3701 quomodo
739 3622 960 3697 ’σπυρ
978 3615 1074 3686 ἶς’
1109 3622 1303 3678 ortum
1326 3616 1427 3689 sit,
1469 3617 1645 3676 facile
1674 3614 1754 3676 sit
1784 3600 2255 3693 intelligendum.
2343 3619 2417 3676 In
2448 3616 2564 3675 lin-

414 3744 530 3800 gua
577 3727 773 3782 autem
808 3719 1023 3779 Latina
1073 3724 1309 3797 practer
1362 3725 1378 3752 ‘
1393 3739 1420 3778 s
1436 3739 1475 3796 p
1492 3739 1525 3779 o
1540 3716 1753 3779 rtam'
1803 3721 1865 3777 et
1905 3720 2123 3778 formas
2165 3717 2564 3778 deminutivas

415 3832 525 3903 ‘sp
546 3819 902 3885 ortulam'
948 3828 1054 3900 ‘sp
1073 3842 1150 3883 or
1166 3819 1457 3883 tellam’
1502 3821 1658 3880 nihil
1696 3820 1875 3879 huius
1907 3820 2123 3880 radicis
2152 3819 2453 3893 invenies,
2497 3820 2562 3881 id

551 4050 602 4111 1)
636 4046 917 4095 Forcellino
964 4049 1162 4094 auctore
1212 4043 1344 4104 apud
1390 4042 1672 4089 Martialem
1722 4045 1772 4087 et
1813 4040 2026 4087 Plinium
2074 4040 2269 4088 demum
2320 4041 2561 4087 minorem

411 4147 509 4182 vox
545 4135 822 4182 offenditur.
1893 4139 1896 4140 ’

2063 4208 2151 4270 2*
