2946 4700
1423 311 1507 377 27

396 468 582 527 Corss.
633 465 735 544 (cf.
776 467 1020 543 Ausspr.
1063 468 1110 541 Ι,
1157 466 1306 544 273)
1353 468 1426 526 de
1463 466 1664 527 radice
1703 466 1951 540 Latina,
2001 469 2074 526 de
2107 464 2384 527 ‘taeda'
2428 486 2535 545 pro

391 567 721 642 ‘tavida',
769 568 1016 645 cogitari
1060 571 1274 646 potest.
1777 599 1782 605 ·

564 671 730 736 Quae
777 691 910 731 cum
952 671 1040 732 ita
1085 671 1234 747 sint,
1294 670 1446 731 mihi
1481 671 1722 750 quidem
1760 669 1913 730 nihil
1960 671 2106 731 certi
2143 672 2217 730 de
2259 673 2438 731 rebus
2482 676 2544 731 et

392 775 639 838 vocibus
674 776 886 834 horum
916 772 1097 834 trium
1131 793 1413 849 generum
1443 773 1626 834 statui
1666 793 1839 851 posse
1872 773 2128 834 videtur.
2218 773 2399 831 Missa
2430 772 2543 848 igi·

391 883 489 940 tur
533 876 816 938 faciamus
840 896 1012 955 *quae
1056 876 1255 953 detegi
1302 896 1420 956 non
1463 881 1746 954 possunt:
1791 880 1901 937 ‘est
1943 878 2149 937 modus
2190 876 2257 936 in
2301 874 2510 936 rebus'.

1054 1196 1057 1199 Ι
1224 1135 1229 1139 ·
1299 1117 1531 1196 Caput
1573 1117 1631 1178 V.
2284 1181 2288 1187 ,

495 1233 592 1298 De
633 1232 713 1298 iis
756 1251 918 1314 quae
962 1232 1040 1299 ob
1089 1237 1332 1299 textum
1375 1232 1477 1298 vel
1521 1238 1847 1300 auctorem
1892 1234 2204 1300 incertum
2250 1211 2448 1301 omisi.

568 1388 875 1466 Expositis
909 1388 985 1448 iis
998 1400 1018 1462 ‚⁴
1043 1385 1047 1389 ’
1073 1408 1224 1469 quae
1270 1375 1350 1448 ab*
1394 1408 1598 1449 causas
1644 1389 1710 1449 in
1760 1392 1937 1451 rebus
1983 1391 2207 1468 positas
2248 1393 2351 1450 aut
2394 1388 2549 1449 acci-

397 1492 615 1570 pienda
648 1494 752 1551 aut
787 1491 1157 1550 excludenda
1203 1495 1307 1551 aut
1351 1489 1415 1549 in
1461 1491 1657 1551 medio
1692 1492 2084 1572 relinquenda
2120 1491 2297 1566 duxi,
2340 1478 2547 1569 super-

399 1599 490 1655 est
521 1599 590 1655 ut
617 1615 687 1654 ea
716 1593 1007 1653 vocabula
1041 1610 1520 1667 commemorem,
1568 1613 1720 1674 quae
1758 1597 1833 1655 ob
1876 1615 2080 1655 causas
2112 1581 2282 1655 extra
2311 1614 2405 1654 res
2441 1614 2547 1671 po-

400 1697 572 1770 sitas,
639 1715 772 1755 cum
822 1698 1025 1755 textus
1080 1695 1181 1756 vel
1237 1700 1441 1755 auctor
1498 1696 1760 1758 incertus
1809 1697 1921 1770 sit,
1988 1698 2352 1772 segreganda
2393 1700 2546 1756 sunt.

401 1797 568 1862 Quae
597 1799 723 1857 fere
759 1797 954 1857 omnia
989 1817 1110 1857 non
1158 1799 1409 1873 deerunt
1447 1798 1690 1879 quidem
1731 1800 1799 1859 in
1847 1799 2321 1874 enumeratione,
2368 1796 2572 1879 quam*

397 1923 539 1962 mox
570 1903 812 1961 daturus
841 1921 999 1975 sum,
1045 1921 1176 1961 cum
1223 1901 1289 1960 in
1334 1902 1482 1962 locis
1529 1923 1767 1983 quoque
1804 1907 2043 1977 extent,
2091 1902 2196 1987 qui
2229 1900 2550 1962 dubitatio-

399 2025 534 2065 nem
585 2023 706 2065 non
749 2008 1006 2064 movent.
1097 2004 1241 2062 Cum
1281 2023 1423 2064 vero
1459 2004 1611 2063 mihi
1655 2005 1834 2065 etiam
1881 2005 2252 2082 propositum
2283 2004 2364 2064 sit
2406 2022 2549 2063 enu-

399 2125 626 2166 merare
642 2152 658 2179 ,
717 2106 991 2186 quotiens
1042 2107 1510 2185 unumquodque
1560 2106 1914 2166 vocabulum
1967 2107 2312 2169 inveniatur
2331 2151 2347 2179 ,
2404 2106 2550 2166 haec

401 2208 696 2285 expositio
744 2209 816 2268 de
864 2207 1221 2287 repetitione
1255 2207 1471 2268 omissa
1516 2209 1675 2268 haud
1714 2211 1787 2268 ab
1821 2228 1886 2269 re
1925 2208 2054 2269 erit.
2144 2208 2416 2285 Longum
2462 2212 2553 2267 est

398 2311 621 2392 ubique
660 2310 921 2372 rationes
956 2311 1187 2385 afferre,
1235 2311 1451 2391 quibus
1488 2311 1561 2372 de
1590 2310 1917 2373 editoribus
1948 2311 2304 2373 doctissimis
2334 2315 2402 2372 ut
2432 2311 2552 2371 dis-

397 2415 679 2475 sentirem
714 2416 1002 2475 adductus
1042 2434 1202 2490 sum3
1250 2413 1352 2473 ubi
1385 2434 1527 2475 vero
1551 2417 1659 2475 'res
1697 2416 1934 2491 gravior
1967 2415 2281 2476 videbatur
2316 2435 2413 2475 eas
2448 2435 2553 2473 ex-

399 2536 666 2595 promere
704 2536 826 2577 non
857 2518 1116 2596 neglexi.
1206 2517 1453 2594 Singula
1486 2538 1648 2592 vero,
1693 2538 1845 2599 quae
1879 2518 2078 2592 reieci,
2123 2521 2269 2579 haec
2298 2521 2439 2577 sunt
2464 2518 2551 2593 ¹):

539 2724 589 2782 1)
625 2721 764 2780 Quae
801 2722 944 2771 facile
979 2726 1035 2769 ut
1067 2723 1415 2781 conferantur,
1472 2723 1571 2769 iam
1606 2722 1701 2769 hoc
1736 2724 1844 2770 loco
1896 2721 2167 2781 editiones»,
2222 2721 2400 2782 quibus
2436 2735 2553 2769 usus

403 2823 539 2867 sum,
576 2810 808 2855 afferam:

468 2892 602 2940 Livii
652 2892 923 2939 Andronici
973 2890 1150 2953 Odyss.
1205 2891 1441 2951 reliquiae
1499 2906 1561 2940 ex
1608 2906 1705 2939 rec.
1759 2891 1818 2940 Ο.
1872 2891 2129 2940 Giintheri.
2202 2891 2554 2954 Greiffenberg

579 2980 727 3026 1864.
798 2977 846 3021 4.
2368 2964 2372 2968 “

471 3062 649 3109 Naevii
685 3062 745 3109 de
780 3060 912 3109 bello
948 3061 1134 3108 Punico
1171 3061 1408 3120 reliquiae
1443 3076 1506 3109 ex
1541 3077 1637 3109 rec.
1675 3063 1725 3109 J.
1762 3063 1985 3110 Vahleni.

472 3148 679 3215 Plautus
714 3145 851 3192 Trin.
886 3145 991 3193 Mil.
1029 3146 1095 3206 gl.
1129 3146 1335 3193 ‚Baceh.
1372 3145 1523 3193 Stich.
1557 3147 1737 3196 Pseud.
1775 3149 2029 3197 Menaech.
2056 3150 2200 3198 Most.
2216 3150 2368 3216 ‚Pers.
2396 3151 2545 3199 Mero.
2628 3204 2632 3208 ,

883 3246 944 3278 ex
980 3245 1076 3278 rec,
1111 3231 1382 3279 Bitschelii.

707 3316 850 3377 Epid.
889 3316 1041 3364 Poen.
1080 3316 1191 3365 Cas.
1229 3331 1290 3364 ex
1326 3331 1421 3365 rec.
1461 3317 1716 3379 Gepperti.

708 3403 853 3449 Truc.
891 3402 999 3450 edd.
1038 3401 1269 3462 Spengel.

707 3488 820 3535 Aul.
855 3487 966 3535 edd.
1002 3487 1238 3547 Wagner.

707 3572 888 3632 Amph.
927 3572 1038 3619 edd.
1073 3572 1272 3620 Holtze.

709 3658 848 3703 Asin.
885 3657 1010 3704 Rud.
1049 3656 1189 3705 Cure.
1230 3657 1372 3718 Capt.
1411 3674 1473 3707 ex
1509 3675 1607 3708 rec.
1644 3662 1972 3710 Fleckeiseni.

710 3742 829 3789 Cist.
865 3746 917 3792 et
949 3744 1125 3803 fragm.
1165 3758 1226 3791 ex
1261 3758 1358 3792 rec.
1394 3746 1576 3793 Bothii.

469 3829 726 3889 Ennianae
760 3830 924 3889 poesis
959 3829 1195 3889 reliquiae
1231 3845 1326 3878 rec.
1366 3832 1416 3879 J.
1455 3833 1665 3881 Vahlen.

468 3915 791 3976 Tragicorum
823 3915 1118 3963 Latinorum
1154 3915 1390 3974 reliquiae
1417 3922 1434 4051 ξ
1481 3965 1563 3999 rec
1618 3952 1678 3998 Ο.
1714 3952 1939 4000 Ribbeck

470 4001 782 4049 Comicorum

472 4085 732 4134 Terentius
768 4087 844 4133 ed.
879 4087 1236 4148 Umpsenbach.

469 4171 733 4219 Poetarum
767 4171 1055 4221 Latinorum
1088 4172 1253 4221 Hostii
1289 4177 1379 4222 etc.
1419 4172 1618 4233 scripsit
1651 4173 1918 4222 Weichert.
