2946 4700
1430 229 1517 293 20

395 381 583 457 quod,
628 379 680 438 si
715 381 971 441 Romani
1022 401 1259 461 quoque
1289 401 1418 443 eam
1462 404 1498 444 a
1532 384 1740 461 primis
1774 384 2140 462 temporibus
2182 386 2549 464 habuissent,

389 483 718 558 permirum
754 489 940 557 esset,
986 504 1117 544 oum
1153 484 1220 543 in
1250 504 1320 544 ea
1362 487 1529 547 notio
1564 486 1737 559 insit,
1784 507 1935 566 quae
1966 488 2032 546 in
2063 508 2175 547 usu
2207 489 2369 550 vitae
2404 510 2548 569 quo-

390 583 655 647 tidianae
706 585 941 663 saepius
991 586 1328 647 adhibenda
1375 593 1516 648 erat.
1604 588 1923 667 Perierunt
1971 592 2188 650 verba:
2250 591 2413 652 dictu
2459 599 2549 653 est

388 687 598 760 facile,
659 686 907 748 difficile
957 690 1228 765 probatu.
1319 689 1512 763 Magis
1566 688 1752 764 igitur
1802 691 1933 751 veri
1987 691 2181 752 simile
2227 694 2469 765 videtur
2513 716 2547 755 a

391 789 613 849 Graeco
650 788 942 865 originem
974 795 1260 869 repetere.
1350 789 1423 849 ‘v'
1462 791 1529 850 in
1575 789 1646 852 ‘o'
1690 797 1979 853 mutatum
2018 794 2086 854 in
2127 795 2261 855 aliis
2306 815 2543 874 quoque

391 890 622 952 tralatis
653 891 940 951 habemus
985 894 1058 952 cf.
1095 884 1450 971 ‘biyxvooe’
1503 894 1564 952 et
1610 895 2016 970 ‘anchora',
2061 890 2438 976 ‘adyvvog'
2484 901 2545 957 et

389 991 733 1070 ‘lagona',
778 987 1217 1064 ‘deo'vtog'
1254 1000 1316 1055 et
1357 994 1821 1057 ‘Cotoneus'.
1910 998 2134 1060 Ultima
2162 1000 2391 1078 syllaba
2424 999 2543 1071 ἰς’

388 1096 454 1154 in
499 1094 631 1156 ‘ta’
678 1099 902 1156 mutata
947 1095 1089 1156 inde
1122 1095 1297 1161 facile
1335 1096 1502 1172 gigni
1549 1098 1776 1175 potuit,
1824 1102 1982 1179 quod
2016 1101 2215 1161 exitus
2249 1101 2354 1161 ille
2388 1102 2546 1162 auri·

389 1199 498 1257 bus
544 1198 947 1258 Romanorum
995 1197 1180 1274 magis
1226 1198 1508 1259 Latinum
1559 1206 1812 1262 sonaret.
1918 1203 2193 1270 Fortasse
2245 1204 2422 1264 etiam
2466 1225 2543 1264 ex

389 1321 527 1361 casu
585 1299 857 1379 obliquo,
914 1320 989 1373 ex
1043 1302 1379 1363 accusativo
1435 1302 1747 1382 ‘onvold
1764 1303 1856 1378 α’,
1922 1311 2158 1382 sumpta
2214 1312 2304 1367 est
2359 1284 2545 1367 forma

387 1408 403 1436 ⁴
420 1401 726 1479 sporta',
773 1404 931 1487 quod
966 1401 1206 1482 quidem
1242 1403 1308 1463 in
1343 1387 1647 1465 nonnullis
1682 1406 1963 1467 accidisse
1997 1409 2139 1467 satis
2170 1409 2543 1485 exploratum

394 1505 678 1565 habemus
723 1506 821 1584 (cf.
855 1505 1122 1565 Momms.
1154 1505 1326 1567 Rom.
1358 1497 1568 1568 Gesch.
1601 1508 1660 1582 1,
1691 1515 1863 1581 2013
1907 1510 2109 1570 Fleck.
2140 1511 2277 1570 Jhb.
2310 1511 2351 1570 f.
2384 1509 2540 1568 Phil.

391 1614 491 1682 90,
532 1613 603 1666 11
665 1611 727 1666 et
768 1612 867 1680 93,
907 1608 1025 1686 11).
1113 1610 1202 1669 Ac
1234 1609 1413 1669 talem
1447 1629 1572 1670 rem
1605 1610 1751 1670 foris
1790 1616 2083 1690 sumptam
2117 1632 2245 1673 esse
2283 1632 2407 1681 ,non
2452 1616 2545 1672 est

394 1711 554 1790 quod
595 1709 856 1782 mireris3
901 1711 1248 1771 commercio
1294 1711 1453 1772 enim
1496 1711 1671 1772 facile
1715 1713 1847 1773 fieri
1892 1715 2105 1790 potuit.

1369 1899 1551 1957 calar.

390 2019 840 2095 Componuntur
880 2016 1038 2093 apud
1072 2015 1240 2076 Fick.
1275 2017 1532 2081 sztb.
1571 2019 1653 2092 II,
1689 2019 1808 2079 437
1856 2020 2065 2096 Indog.
2105 2020 2397 2095 ‘kalik',
2440 2021 2539 2081 Gr.

326 2160 330 2165 ι
389 2113 691 2192 (κύλιξ,
755 2117 885 2178 Lat.
947 2119 1228 2179 ‘calix’.
1339 2120 1542 2182 Lottn.
1592 2122 1877 2183 Zeitschr.
1928 2124 1969 2183 f.
2026 2123 2145 2198 vgl.
2194 2123 2324 2201 Spr.
2380 2128 2537 2182 1858

387 2245 444 2300 p.
488 2223 600 2281 171
650 2220 930 2282 Sanscrit.
979 2222 1236 2282 radicem
1285 2228 1300 2256 ‘
1318 2221 1475 2284 kal'
1530 2226 1704 2287 affert
1751 2225 1970 2286 additis
2013 2225 2230 2285 radicis
2278 2227 2542 2286 eiusdem

389 2324 694 2389 vocabulis
725 2323 901 2386 Goth.
938 2323 1192 2399 ‘huls',
1236 2325 1334 2386 Gr.
1371 2331 1483 2387 ‘xo
1502 2329 1616 2387 ῖλο
1637 2326 1711 2398 ς’.
1787 2327 1947 2392 Quos
1976 2346 2119 2388 vero
2149 2327 2311 2389 viros
2339 2329 2542 2389 doctos

394 2432 572 2508 plane
622 2428 780 2504 fugit
826 2446 937 2487 nec
988 2427 1374 2488 ‘calicem’
1417 2434 1480 2490 et
1529 2423 1878 2506 (κύλικα’,
1937 2430 2153 2516 quibus
2187 2451 2292 2494 vas
2333 2434 2407 2492 ad
2450 2432 2542 2493 vi-

396 2554 537 2594 num
573 2531 897 2591 bibendum
923 2529 979 2607 ¹)
995 2575 1010 2603 ,
1055 2550 1151 2589 res
1181 2530 1367 2607 igitur
1402 2532 1670 2594 cultioris
1706 2534 1867 2595 vitae
1902 2529 2285 2610 significatur,
2330 2534 2541 2612 priscis

391 2632 896 2710 Indogermanicis
932 2632 1299 2710 temporibus
1340 2632 1604 2695 inveniri
1640 2656 1707 2697 ac
1736 2636 2032 2700 nominari
2066 2636 2358 2713 potuisse,
2404 2657 2540 2696 neo-

388 2741 528 2798 dum
564 2728 886 2797 ‘noima'
919 2736 1078 2813 apud
1110 2735 1466 2810 Homerum,
1514 2758 1867 2819 quamquam
1896 2738 2133 2816 saepius
2165 2738 2405 2798 nomina
2434 2758 2539 2814 po-

390 2840 801 2919 culorumv(cf.
849 2834 1124 2913 δέπας,
1168 2832 1577 2913 κύπελλον,
1624 2823 2236 2919 ἀμφικύπελλον)
2282 2841 2538 2901 afferun-

389 2948 504 3017 tur,
550 2947 773 3003 extare.
812 2948 816 2951 ⁴
862 2938 1116 3006 Quodsi
1149 2941 1283 3021 quis
1313 2946 1513 3003 tamen
1546 2944 1837 3020 originem
1864 2942 2408 3020 Indogermanicam
2439 2942 2540 3003 vel

390 3047 599 3114 saltem
637 3044 1122 3105 Graecoitalicam
1172 3048 1432 3106 statuere
1467 3046 1651 3120 velit,
1712 3046 1868 3106 nihil
1917 3045 1973 3107 ei
2019 3046 2381 3125 relinquitur
2422 3044 2539 3104 nisi

388 3154 458 3210 ut
504 3148 664 3209 dicat
701 3146 1002 3224 singulum
1033 3165 1327 3226 quemque
1361 3149 1649 3225 populum
1684 3153 1746 3209 et
1781 3150 2067 3209 Graecum
2113 3152 2174 3208 et
2209 3149 2540 3208 Romanum

391 3271 467 3311 ex
514 3253 718 3318 eadem
760 3250 958 3310 radice
1006 3249 1315 3327 primitiva
1346 3252 1551 3311 eadem
1585 3250 1960 3313 formationis
1993 3251 2125 3326 lege
2166 3250 2433 3311 adhibita
2475 3250 2541 3310 in

392 3355 638 3415 eandem
674 3352 1169 3429 significationem
1218 3372 1324 3413 suo
1374 3372 1670 3434 quemque
1722 3357 1989 3431 tempore
2035 3352 2171 3412 illas
2203 3372 2380 3430 voces
2421 3354 2542 3413 for-

389 3475 595 3524 masse.
684 3456 800 3516 Sed
850 3453 984 3535 quis
1031 3458 1122 3514 est
1169 3454 1274 3535 qui
1318 3459 1437 3515 tam
1485 3456 1698 3516 mirum
1742 3475 2089 3517 consensum
2136 3455 2253 3515 sibi
2302 3476 2542 3534 persua-

389 3558 563 3621 deat?
648 3559 869 3619 Facere
914 3557 1100 3635 igitur
1131 3578 1253 3618 non
1293 3578 1559 3636 possum,
1621 3558 1768 3639 quin
1815 3564 1877 3620 et
1924 3578 2048 3619 rem
2087 3562 2147 3619 et
2187 3560 2540 3620 vocabulum

389 3665 548 3740 apud
583 3661 833 3723 alterum
876 3661 1165 3738 populum
1209 3660 1499 3737 originem
1545 3661 1772 3739 cepisse
1789 3707 1805 3735 ‚
1850 3663 1923 3721 ad
1945 3661 2207 3722 „alterum
2240 3662 2539 3738 migrasse,

391 3785 646 3838 sumam,
687 3769 867 3843 atque
898 3763 1337 3840 migrationem,
1381 3768 1450 3825 ut
1481 3764 1547 3824 in
1583 3764 1856 3843 plurimis
1887 3766 2064 3825 rebus
2097 3763 2282 3825 huius
2305 3762 2537 3840 generis

529 3918 582 3977 1)
619 3916 808 3975 Quodsi
845 3917 974 3964 calix
1009 3917 1141 3978 apud
1176 3916 1415 3966 Catonem
1449 3918 1501 3965 in
1538 3916 1664 3966 libro
1701 3919 1761 3967 de
1797 3933 1839 3966 r.
1874 3933 1916 3966 r.
1952 3931 2107 3978 genus
2152 3916 2397 3976 quoddam
2431 3916 2536 3961 lan·

391 4003 463 4051 cis
499 4002 778 4063 significare
814 4003 1025 4064 videtur,
1062 4019 1089 4052 e
1125 4006 1276 4065 plana
1311 4006 1471 4053 forma
1505 4005 1703 4053 illorum
1737 4006 2027 4066 poculorum
2061 4003 2123 4050 ad
2161 4004 2329 4051 lances
2362 4003 2539 4063 planas

388 4103 571 4139 nomen
607 4088 847 4150 migrasse
883 4089 992 4137 veri
1028 4089 1187 4139 simile
1224 4093 1317 4140 θεῖ.
